%YAML 1.1
%TAG !u! tag:unity3d.com,2011:
--- !u!1 &102734
GameObject:
  m_ObjectHideFlags: 1
  m_PrefabParentObject: {fileID: 0}
  m_PrefabInternal: {fileID: 100100000}
  serializedVersion: 4
  m_Component:
  - 4: {fileID: 477860}
  m_Layer: 0
  m_Name: palm.01.L
  m_TagString: Untagged
  m_Icon: {fileID: 0}
  m_NavMeshLayer: 0
  m_StaticEditorFlags: 0
  m_IsActive: 1
--- !u!1 &102778
GameObject:
  m_ObjectHideFlags: 1
  m_PrefabParentObject: {fileID: 0}
  m_PrefabInternal: {fileID: 100100000}
  serializedVersion: 4
  m_Component:
  - 4: {fileID: 404852}
  m_Layer: 0
  m_Name: toe.L_end
  m_TagString: Untagged
  m_Icon: {fileID: 0}
  m_NavMeshLayer: 0
  m_StaticEditorFlags: 0
  m_IsActive: 1
--- !u!1 &103006
GameObject:
  m_ObjectHideFlags: 1
  m_PrefabParentObject: {fileID: 0}
  m_PrefabInternal: {fileID: 100100000}
  serializedVersion: 4
  m_Component:
  - 4: {fileID: 426600}
  m_Layer: 0
  m_Name: f_ring.02.R
  m_TagString: Untagged
  m_Icon: {fileID: 0}
  m_NavMeshLayer: 0
  m_StaticEditorFlags: 0
  m_IsActive: 1
--- !u!1 &106366
GameObject:
  m_ObjectHideFlags: 0
  m_PrefabParentObject: {fileID: 0}
  m_PrefabInternal: {fileID: 100100000}
  serializedVersion: 4
  m_Component:
  - 4: {fileID: 408684}
  - 95: {fileID: 9534212}
  - 54: {fileID: 5455720}
  - 136: {fileID: 13604506}
  - 114: {fileID: 11474536}
  - 114: {fileID: 11470334}
  - 111: {fileID: 11132628}
  m_Layer: 0
  m_Name: Villager Controller 2
  m_TagString: Player
  m_Icon: {fileID: 0}
  m_NavMeshLayer: 0
  m_StaticEditorFlags: 0
  m_IsActive: 1
--- !u!1 &107620
GameObject:
  m_ObjectHideFlags: 1
  m_PrefabParentObject: {fileID: 0}
  m_PrefabInternal: {fileID: 100100000}
  serializedVersion: 4
  m_Component:
  - 4: {fileID: 427458}
  m_Layer: 0
  m_Name: f_middle.01.L
  m_TagString: Untagged
  m_Icon: {fileID: 0}
  m_NavMeshLayer: 0
  m_StaticEditorFlags: 0
  m_IsActive: 1
--- !u!1 &108298
GameObject:
  m_ObjectHideFlags: 1
  m_PrefabParentObject: {fileID: 0}
  m_PrefabInternal: {fileID: 100100000}
  serializedVersion: 4
  m_Component:
  - 4: {fileID: 400094}
  m_Layer: 0
  m_Name: thumb.01.L
  m_TagString: Untagged
  m_Icon: {fileID: 0}
  m_NavMeshLayer: 0
  m_StaticEditorFlags: 0
  m_IsActive: 1
--- !u!1 &108332
GameObject:
  m_ObjectHideFlags: 1
  m_PrefabParentObject: {fileID: 0}
  m_PrefabInternal: {fileID: 100100000}
  serializedVersion: 4
  m_Component:
  - 4: {fileID: 437772}
  m_Layer: 0
  m_Name: thumb.03.R_end
  m_TagString: Untagged
  m_Icon: {fileID: 0}
  m_NavMeshLayer: 0
  m_StaticEditorFlags: 0
  m_IsActive: 1
--- !u!1 &108804
GameObject:
  m_ObjectHideFlags: 1
  m_PrefabParentObject: {fileID: 0}
  m_PrefabInternal: {fileID: 100100000}
  serializedVersion: 4
  m_Component:
  - 4: {fileID: 438516}
  m_Layer: 0
  m_Name: hand.L
  m_TagString: Untagged
  m_Icon: {fileID: 0}
  m_NavMeshLayer: 0
  m_StaticEditorFlags: 0
  m_IsActive: 1
--- !u!1 &111804
GameObject:
  m_ObjectHideFlags: 1
  m_PrefabParentObject: {fileID: 0}
  m_PrefabInternal: {fileID: 100100000}
  serializedVersion: 4
  m_Component:
  - 4: {fileID: 476328}
  m_Layer: 0
  m_Name: heel.02.R
  m_TagString: Untagged
  m_Icon: {fileID: 0}
  m_NavMeshLayer: 0
  m_StaticEditorFlags: 0
  m_IsActive: 1
--- !u!1 &114902
GameObject:
  m_ObjectHideFlags: 1
  m_PrefabParentObject: {fileID: 0}
  m_PrefabInternal: {fileID: 100100000}
  serializedVersion: 4
  m_Component:
  - 4: {fileID: 485102}
  m_Layer: 0
  m_Name: f_pinky.03.L
  m_TagString: Untagged
  m_Icon: {fileID: 0}
  m_NavMeshLayer: 0
  m_StaticEditorFlags: 0
  m_IsActive: 1
--- !u!1 &115164
GameObject:
  m_ObjectHideFlags: 1
  m_PrefabParentObject: {fileID: 0}
  m_PrefabInternal: {fileID: 100100000}
  serializedVersion: 4
  m_Component:
  - 4: {fileID: 442448}
  m_Layer: 0
  m_Name: thigh.R
  m_TagString: Untagged
  m_Icon: {fileID: 0}
  m_NavMeshLayer: 0
  m_StaticEditorFlags: 0
  m_IsActive: 1
--- !u!1 &115566
GameObject:
  m_ObjectHideFlags: 1
  m_PrefabParentObject: {fileID: 0}
  m_PrefabInternal: {fileID: 100100000}
  serializedVersion: 4
  m_Component:
  - 4: {fileID: 495460}
  m_Layer: 0
  m_Name: Lamp
  m_TagString: Untagged
  m_Icon: {fileID: 0}
  m_NavMeshLayer: 0
  m_StaticEditorFlags: 0
  m_IsActive: 1
--- !u!1 &115844
GameObject:
  m_ObjectHideFlags: 1
  m_PrefabParentObject: {fileID: 0}
  m_PrefabInternal: {fileID: 100100000}
  serializedVersion: 4
  m_Component:
  - 4: {fileID: 455128}
  m_Layer: 0
  m_Name: thumb.03.L_end
  m_TagString: Untagged
  m_Icon: {fileID: 0}
  m_NavMeshLayer: 0
  m_StaticEditorFlags: 0
  m_IsActive: 1
--- !u!1 &116796
GameObject:
  m_ObjectHideFlags: 1
  m_PrefabParentObject: {fileID: 0}
  m_PrefabInternal: {fileID: 100100000}
  serializedVersion: 4
  m_Component:
  - 4: {fileID: 408552}
  m_Layer: 0
  m_Name: spine
  m_TagString: Untagged
  m_Icon: {fileID: 0}
  m_NavMeshLayer: 0
  m_StaticEditorFlags: 0
  m_IsActive: 1
--- !u!1 &117014
GameObject:
  m_ObjectHideFlags: 1
  m_PrefabParentObject: {fileID: 0}
  m_PrefabInternal: {fileID: 100100000}
  serializedVersion: 4
  m_Component:
  - 4: {fileID: 470904}
  m_Layer: 0
  m_Name: thigh.L
  m_TagString: Untagged
  m_Icon: {fileID: 0}
  m_NavMeshLayer: 0
  m_StaticEditorFlags: 0
  m_IsActive: 1
--- !u!1 &117770
GameObject:
  m_ObjectHideFlags: 1
  m_PrefabParentObject: {fileID: 0}
  m_PrefabInternal: {fileID: 100100000}
  serializedVersion: 4
  m_Component:
  - 4: {fileID: 478732}
  m_Layer: 0
  m_Name: chest
  m_TagString: Untagged
  m_Icon: {fileID: 0}
  m_NavMeshLayer: 0
  m_StaticEditorFlags: 0
  m_IsActive: 1
--- !u!1 &118096
GameObject:
  m_ObjectHideFlags: 1
  m_PrefabParentObject: {fileID: 0}
  m_PrefabInternal: {fileID: 100100000}
  serializedVersion: 4
  m_Component:
  - 4: {fileID: 442226}
  m_Layer: 0
  m_Name: palm.03.L
  m_TagString: Untagged
  m_Icon: {fileID: 0}
  m_NavMeshLayer: 0
  m_StaticEditorFlags: 0
  m_IsActive: 1
--- !u!1 &118720
GameObject:
  m_ObjectHideFlags: 1
  m_PrefabParentObject: {fileID: 0}
  m_PrefabInternal: {fileID: 100100000}
  serializedVersion: 4
  m_Component:
  - 4: {fileID: 468120}
  m_Layer: 0
  m_Name: Lamp
  m_TagString: Untagged
  m_Icon: {fileID: 0}
  m_NavMeshLayer: 0
  m_StaticEditorFlags: 0
  m_IsActive: 1
--- !u!1 &120170
GameObject:
  m_ObjectHideFlags: 1
  m_PrefabParentObject: {fileID: 0}
  m_PrefabInternal: {fileID: 100100000}
  serializedVersion: 4
  m_Component:
  - 4: {fileID: 432434}
  m_Layer: 0
  m_Name: f_pinky.01.R
  m_TagString: Untagged
  m_Icon: {fileID: 0}
  m_NavMeshLayer: 0
  m_StaticEditorFlags: 0
  m_IsActive: 1
--- !u!1 &124936
GameObject:
  m_ObjectHideFlags: 1
  m_PrefabParentObject: {fileID: 0}
  m_PrefabInternal: {fileID: 100100000}
  serializedVersion: 4
  m_Component:
  - 4: {fileID: 484558}
  m_Layer: 0
  m_Name: f_index.03.R
  m_TagString: Untagged
  m_Icon: {fileID: 0}
  m_NavMeshLayer: 0
  m_StaticEditorFlags: 0
  m_IsActive: 1
--- !u!1 &126696
GameObject:
  m_ObjectHideFlags: 1
  m_PrefabParentObject: {fileID: 0}
  m_PrefabInternal: {fileID: 100100000}
  serializedVersion: 4
  m_Component:
  - 4: {fileID: 460044}
  m_Layer: 0
  m_Name: heel.L
  m_TagString: Untagged
  m_Icon: {fileID: 0}
  m_NavMeshLayer: 0
  m_StaticEditorFlags: 0
  m_IsActive: 1
--- !u!1 &127206
GameObject:
  m_ObjectHideFlags: 1
  m_PrefabParentObject: {fileID: 0}
  m_PrefabInternal: {fileID: 100100000}
  serializedVersion: 4
  m_Component:
  - 4: {fileID: 431646}
  m_Layer: 0
  m_Name: f_ring.02.L
  m_TagString: Untagged
  m_Icon: {fileID: 0}
  m_NavMeshLayer: 0
  m_StaticEditorFlags: 0
  m_IsActive: 1
--- !u!1 &128772
GameObject:
  m_ObjectHideFlags: 1
  m_PrefabParentObject: {fileID: 0}
  m_PrefabInternal: {fileID: 100100000}
  serializedVersion: 4
  m_Component:
  - 4: {fileID: 439712}
  m_Layer: 0
  m_Name: palm.03.R
  m_TagString: Untagged
  m_Icon: {fileID: 0}
  m_NavMeshLayer: 0
  m_StaticEditorFlags: 0
  m_IsActive: 1
--- !u!1 &129208
GameObject:
  m_ObjectHideFlags: 1
  m_PrefabParentObject: {fileID: 0}
  m_PrefabInternal: {fileID: 100100000}
  serializedVersion: 4
  m_Component:
  - 4: {fileID: 472992}
  m_Layer: 0
  m_Name: f_pinky.03.L_end
  m_TagString: Untagged
  m_Icon: {fileID: 0}
  m_NavMeshLayer: 0
  m_StaticEditorFlags: 0
  m_IsActive: 1
--- !u!1 &129522
GameObject:
  m_ObjectHideFlags: 1
  m_PrefabParentObject: {fileID: 0}
  m_PrefabInternal: {fileID: 100100000}
  serializedVersion: 4
  m_Component:
  - 4: {fileID: 473336}
  m_Layer: 0
  m_Name: toe.R
  m_TagString: Untagged
  m_Icon: {fileID: 0}
  m_NavMeshLayer: 0
  m_StaticEditorFlags: 0
  m_IsActive: 1
--- !u!1 &131454
GameObject:
  m_ObjectHideFlags: 1
  m_PrefabParentObject: {fileID: 0}
  m_PrefabInternal: {fileID: 100100000}
  serializedVersion: 4
  m_Component:
  - 4: {fileID: 410494}
  m_Layer: 0
  m_Name: f_ring.03.R_end
  m_TagString: Untagged
  m_Icon: {fileID: 0}
  m_NavMeshLayer: 0
  m_StaticEditorFlags: 0
  m_IsActive: 1
--- !u!1 &132068
GameObject:
  m_ObjectHideFlags: 1
  m_PrefabParentObject: {fileID: 0}
  m_PrefabInternal: {fileID: 100100000}
  serializedVersion: 4
  m_Component:
  - 4: {fileID: 423074}
  m_Layer: 0
  m_Name: heel.02.L_end
  m_TagString: Untagged
  m_Icon: {fileID: 0}
  m_NavMeshLayer: 0
  m_StaticEditorFlags: 0
  m_IsActive: 1
--- !u!1 &132466
GameObject:
  m_ObjectHideFlags: 0
  m_PrefabParentObject: {fileID: 0}
  m_PrefabInternal: {fileID: 100100000}
  serializedVersion: 4
  m_Component:
  - 4: {fileID: 422492}
  - 95: {fileID: 9546242}
  m_Layer: 0
  m_Name: Villager2
  m_TagString: Untagged
  m_Icon: {fileID: 0}
  m_NavMeshLayer: 0
  m_StaticEditorFlags: 0
  m_IsActive: 1
--- !u!1 &136158
GameObject:
  m_ObjectHideFlags: 1
  m_PrefabParentObject: {fileID: 0}
  m_PrefabInternal: {fileID: 100100000}
  serializedVersion: 4
  m_Component:
  - 4: {fileID: 496274}
  m_Layer: 0
  m_Name: shoulder.R
  m_TagString: Untagged
  m_Icon: {fileID: 0}
  m_NavMeshLayer: 0
  m_StaticEditorFlags: 0
  m_IsActive: 1
--- !u!1 &138950
GameObject:
  m_ObjectHideFlags: 1
  m_PrefabParentObject: {fileID: 0}
  m_PrefabInternal: {fileID: 100100000}
  serializedVersion: 4
  m_Component:
  - 4: {fileID: 458134}
  m_Layer: 0
  m_Name: f_ring.03.L_end
  m_TagString: Untagged
  m_Icon: {fileID: 0}
  m_NavMeshLayer: 0
  m_StaticEditorFlags: 0
  m_IsActive: 1
--- !u!1 &140014
GameObject:
  m_ObjectHideFlags: 1
  m_PrefabParentObject: {fileID: 0}
  m_PrefabInternal: {fileID: 100100000}
  serializedVersion: 4
  m_Component:
  - 4: {fileID: 459204}
  m_Layer: 0
  m_Name: neck
  m_TagString: Untagged
  m_Icon: {fileID: 0}
  m_NavMeshLayer: 0
  m_StaticEditorFlags: 0
  m_IsActive: 1
--- !u!1 &140502
GameObject:
  m_ObjectHideFlags: 1
  m_PrefabParentObject: {fileID: 0}
  m_PrefabInternal: {fileID: 100100000}
  serializedVersion: 4
  m_Component:
  - 4: {fileID: 488568}
  m_Layer: 0
  m_Name: f_pinky.02.R
  m_TagString: Untagged
  m_Icon: {fileID: 0}
  m_NavMeshLayer: 0
  m_StaticEditorFlags: 0
  m_IsActive: 1
--- !u!1 &140642
GameObject:
  m_ObjectHideFlags: 1
  m_PrefabParentObject: {fileID: 0}
  m_PrefabInternal: {fileID: 100100000}
  serializedVersion: 4
  m_Component:
  - 4: {fileID: 401556}
  m_Layer: 0
  m_Name: upper_arm.R
  m_TagString: Untagged
  m_Icon: {fileID: 0}
  m_NavMeshLayer: 0
  m_StaticEditorFlags: 0
  m_IsActive: 1
--- !u!1 &148152
GameObject:
  m_ObjectHideFlags: 1
  m_PrefabParentObject: {fileID: 0}
  m_PrefabInternal: {fileID: 100100000}
  serializedVersion: 4
  m_Component:
  - 4: {fileID: 433072}
  m_Layer: 0
  m_Name: forearm.L
  m_TagString: Untagged
  m_Icon: {fileID: 0}
  m_NavMeshLayer: 0
  m_StaticEditorFlags: 0
  m_IsActive: 1
--- !u!1 &148278
GameObject:
  m_ObjectHideFlags: 1
  m_PrefabParentObject: {fileID: 0}
  m_PrefabInternal: {fileID: 100100000}
  serializedVersion: 4
  m_Component:
  - 4: {fileID: 425630}
  m_Layer: 0
  m_Name: metarig
  m_TagString: Untagged
  m_Icon: {fileID: 0}
  m_NavMeshLayer: 0
  m_StaticEditorFlags: 0
  m_IsActive: 1
--- !u!1 &150118
GameObject:
  m_ObjectHideFlags: 1
  m_PrefabParentObject: {fileID: 0}
  m_PrefabInternal: {fileID: 100100000}
  serializedVersion: 4
  m_Component:
  - 4: {fileID: 487656}
  m_Layer: 0
  m_Name: head_end
  m_TagString: Untagged
  m_Icon: {fileID: 0}
  m_NavMeshLayer: 0
  m_StaticEditorFlags: 0
  m_IsActive: 1
--- !u!1 &151010
GameObject:
  m_ObjectHideFlags: 1
  m_PrefabParentObject: {fileID: 0}
  m_PrefabInternal: {fileID: 100100000}
  serializedVersion: 4
  m_Component:
  - 4: {fileID: 460008}
  m_Layer: 0
  m_Name: forearm.R
  m_TagString: Untagged
  m_Icon: {fileID: 0}
  m_NavMeshLayer: 0
  m_StaticEditorFlags: 0
  m_IsActive: 1
--- !u!1 &152766
GameObject:
  m_ObjectHideFlags: 1
  m_PrefabParentObject: {fileID: 0}
  m_PrefabInternal: {fileID: 100100000}
  serializedVersion: 4
  m_Component:
  - 4: {fileID: 478548}
  m_Layer: 0
  m_Name: thumb.03.R
  m_TagString: Untagged
  m_Icon: {fileID: 0}
  m_NavMeshLayer: 0
  m_StaticEditorFlags: 0
  m_IsActive: 1
--- !u!1 &153182
GameObject:
  m_ObjectHideFlags: 1
  m_PrefabParentObject: {fileID: 0}
  m_PrefabInternal: {fileID: 100100000}
  serializedVersion: 4
  m_Component:
  - 4: {fileID: 410916}
  - 137: {fileID: 13730714}
  m_Layer: 0
  m_Name: Body
  m_TagString: Untagged
  m_Icon: {fileID: 0}
  m_NavMeshLayer: 0
  m_StaticEditorFlags: 0
  m_IsActive: 1
--- !u!1 &154424
GameObject:
  m_ObjectHideFlags: 1
  m_PrefabParentObject: {fileID: 0}
  m_PrefabInternal: {fileID: 100100000}
  serializedVersion: 4
  m_Component:
  - 4: {fileID: 402474}
  m_Layer: 0
  m_Name: toe.L
  m_TagString: Untagged
  m_Icon: {fileID: 0}
  m_NavMeshLayer: 0
  m_StaticEditorFlags: 0
  m_IsActive: 1
--- !u!1 &154444
GameObject:
  m_ObjectHideFlags: 1
  m_PrefabParentObject: {fileID: 0}
  m_PrefabInternal: {fileID: 100100000}
  serializedVersion: 4
  m_Component:
  - 4: {fileID: 411754}
  m_Layer: 0
  m_Name: heel.02.L
  m_TagString: Untagged
  m_Icon: {fileID: 0}
  m_NavMeshLayer: 0
  m_StaticEditorFlags: 0
  m_IsActive: 1
--- !u!1 &154840
GameObject:
  m_ObjectHideFlags: 1
  m_PrefabParentObject: {fileID: 0}
  m_PrefabInternal: {fileID: 100100000}
  serializedVersion: 4
  m_Component:
  - 4: {fileID: 455680}
  m_Layer: 0
  m_Name: foot.L
  m_TagString: Untagged
  m_Icon: {fileID: 0}
  m_NavMeshLayer: 0
  m_StaticEditorFlags: 0
  m_IsActive: 1
--- !u!1 &155068
GameObject:
  m_ObjectHideFlags: 1
  m_PrefabParentObject: {fileID: 0}
  m_PrefabInternal: {fileID: 100100000}
  serializedVersion: 4
  m_Component:
  - 4: {fileID: 427798}
  m_Layer: 0
  m_Name: thumb.02.L
  m_TagString: Untagged
  m_Icon: {fileID: 0}
  m_NavMeshLayer: 0
  m_StaticEditorFlags: 0
  m_IsActive: 1
--- !u!1 &155514
GameObject:
  m_ObjectHideFlags: 1
  m_PrefabParentObject: {fileID: 0}
  m_PrefabInternal: {fileID: 100100000}
  serializedVersion: 4
  m_Component:
  - 4: {fileID: 486952}
  m_Layer: 0
  m_Name: f_index.02.R
  m_TagString: Untagged
  m_Icon: {fileID: 0}
  m_NavMeshLayer: 0
  m_StaticEditorFlags: 0
  m_IsActive: 1
--- !u!1 &155822
GameObject:
  m_ObjectHideFlags: 1
  m_PrefabParentObject: {fileID: 0}
  m_PrefabInternal: {fileID: 100100000}
  serializedVersion: 4
  m_Component:
  - 4: {fileID: 439026}
  m_Layer: 0
  m_Name: palm.02.R
  m_TagString: Untagged
  m_Icon: {fileID: 0}
  m_NavMeshLayer: 0
  m_StaticEditorFlags: 0
  m_IsActive: 1
--- !u!1 &155970
GameObject:
  m_ObjectHideFlags: 1
  m_PrefabParentObject: {fileID: 0}
  m_PrefabInternal: {fileID: 100100000}
  serializedVersion: 4
  m_Component:
  - 4: {fileID: 444494}
  m_Layer: 0
  m_Name: f_index.03.R_end
  m_TagString: Untagged
  m_Icon: {fileID: 0}
  m_NavMeshLayer: 0
  m_StaticEditorFlags: 0
  m_IsActive: 1
--- !u!1 &156686
GameObject:
  m_ObjectHideFlags: 1
  m_PrefabParentObject: {fileID: 0}
  m_PrefabInternal: {fileID: 100100000}
  serializedVersion: 4
  m_Component:
  - 4: {fileID: 469726}
  m_Layer: 0
  m_Name: f_index.01.R
  m_TagString: Untagged
  m_Icon: {fileID: 0}
  m_NavMeshLayer: 0
  m_StaticEditorFlags: 0
  m_IsActive: 1
--- !u!1 &156828
GameObject:
  m_ObjectHideFlags: 1
  m_PrefabParentObject: {fileID: 0}
  m_PrefabInternal: {fileID: 100100000}
  serializedVersion: 4
  m_Component:
  - 4: {fileID: 458356}
  m_Layer: 0
  m_Name: f_ring.03.L
  m_TagString: Untagged
  m_Icon: {fileID: 0}
  m_NavMeshLayer: 0
  m_StaticEditorFlags: 0
  m_IsActive: 1
--- !u!1 &157870
GameObject:
  m_ObjectHideFlags: 1
  m_PrefabParentObject: {fileID: 0}
  m_PrefabInternal: {fileID: 100100000}
  serializedVersion: 4
  m_Component:
  - 4: {fileID: 457426}
  m_Layer: 0
  m_Name: heel.02.R_end
  m_TagString: Untagged
  m_Icon: {fileID: 0}
  m_NavMeshLayer: 0
  m_StaticEditorFlags: 0
  m_IsActive: 1
--- !u!1 &158128
GameObject:
  m_ObjectHideFlags: 1
  m_PrefabParentObject: {fileID: 0}
  m_PrefabInternal: {fileID: 100100000}
  serializedVersion: 4
  m_Component:
  - 4: {fileID: 476932}
  m_Layer: 0
  m_Name: toe.R_end
  m_TagString: Untagged
  m_Icon: {fileID: 0}
  m_NavMeshLayer: 0
  m_StaticEditorFlags: 0
  m_IsActive: 1
--- !u!1 &162406
GameObject:
  m_ObjectHideFlags: 1
  m_PrefabParentObject: {fileID: 0}
  m_PrefabInternal: {fileID: 100100000}
  serializedVersion: 4
  m_Component:
  - 4: {fileID: 473158}
  m_Layer: 0
  m_Name: head
  m_TagString: Untagged
  m_Icon: {fileID: 0}
  m_NavMeshLayer: 0
  m_StaticEditorFlags: 0
  m_IsActive: 1
--- !u!1 &162552
GameObject:
  m_ObjectHideFlags: 1
  m_PrefabParentObject: {fileID: 0}
  m_PrefabInternal: {fileID: 100100000}
  serializedVersion: 4
  m_Component:
  - 4: {fileID: 474192}
  m_Layer: 0
  m_Name: f_index.03.L
  m_TagString: Untagged
  m_Icon: {fileID: 0}
  m_NavMeshLayer: 0
  m_StaticEditorFlags: 0
  m_IsActive: 1
--- !u!1 &163194
GameObject:
  m_ObjectHideFlags: 1
  m_PrefabParentObject: {fileID: 0}
  m_PrefabInternal: {fileID: 100100000}
  serializedVersion: 4
  m_Component:
  - 4: {fileID: 466580}
  m_Layer: 0
  m_Name: f_middle.03.R_end
  m_TagString: Untagged
  m_Icon: {fileID: 0}
  m_NavMeshLayer: 0
  m_StaticEditorFlags: 0
  m_IsActive: 1
--- !u!1 &163346
GameObject:
  m_ObjectHideFlags: 1
  m_PrefabParentObject: {fileID: 0}
  m_PrefabInternal: {fileID: 100100000}
  serializedVersion: 4
  m_Component:
  - 4: {fileID: 441566}
  m_Layer: 0
  m_Name: upper_arm.L
  m_TagString: Untagged
  m_Icon: {fileID: 0}
  m_NavMeshLayer: 0
  m_StaticEditorFlags: 0
  m_IsActive: 1
--- !u!1 &163716
GameObject:
  m_ObjectHideFlags: 1
  m_PrefabParentObject: {fileID: 0}
  m_PrefabInternal: {fileID: 100100000}
  serializedVersion: 4
  m_Component:
  - 4: {fileID: 420908}
  m_Layer: 0
  m_Name: foot.R
  m_TagString: Untagged
  m_Icon: {fileID: 0}
  m_NavMeshLayer: 0
  m_StaticEditorFlags: 0
  m_IsActive: 1
--- !u!1 &163878
GameObject:
  m_ObjectHideFlags: 1
  m_PrefabParentObject: {fileID: 0}
  m_PrefabInternal: {fileID: 100100000}
  serializedVersion: 4
  m_Component:
  - 4: {fileID: 464510}
  m_Layer: 0
  m_Name: heel.R
  m_TagString: Untagged
  m_Icon: {fileID: 0}
  m_NavMeshLayer: 0
  m_StaticEditorFlags: 0
  m_IsActive: 1
--- !u!1 &164380
GameObject:
  m_ObjectHideFlags: 1
  m_PrefabParentObject: {fileID: 0}
  m_PrefabInternal: {fileID: 100100000}
  serializedVersion: 4
  m_Component:
  - 4: {fileID: 447340}
  m_Layer: 0
  m_Name: Camera
  m_TagString: Untagged
  m_Icon: {fileID: 0}
  m_NavMeshLayer: 0
  m_StaticEditorFlags: 0
  m_IsActive: 1
--- !u!1 &164534
GameObject:
  m_ObjectHideFlags: 1
  m_PrefabParentObject: {fileID: 0}
  m_PrefabInternal: {fileID: 100100000}
  serializedVersion: 4
  m_Component:
  - 4: {fileID: 412268}
  m_Layer: 0
  m_Name: f_pinky.03.R
  m_TagString: Untagged
  m_Icon: {fileID: 0}
  m_NavMeshLayer: 0
  m_StaticEditorFlags: 0
  m_IsActive: 1
--- !u!1 &166608
GameObject:
  m_ObjectHideFlags: 1
  m_PrefabParentObject: {fileID: 0}
  m_PrefabInternal: {fileID: 100100000}
  serializedVersion: 4
  m_Component:
  - 4: {fileID: 467984}
  m_Layer: 0
  m_Name: shin.L
  m_TagString: Untagged
  m_Icon: {fileID: 0}
  m_NavMeshLayer: 0
  m_StaticEditorFlags: 0
  m_IsActive: 1
--- !u!1 &167098
GameObject:
  m_ObjectHideFlags: 1
  m_PrefabParentObject: {fileID: 0}
  m_PrefabInternal: {fileID: 100100000}
  serializedVersion: 4
  m_Component:
  - 4: {fileID: 487532}
  - 33: {fileID: 3339646}
  - 23: {fileID: 2366110}
  m_Layer: 0
  m_Name: DeerSpiritMask
  m_TagString: Untagged
  m_Icon: {fileID: 0}
  m_NavMeshLayer: 0
  m_StaticEditorFlags: 0
  m_IsActive: 0
--- !u!1 &171732
GameObject:
  m_ObjectHideFlags: 1
  m_PrefabParentObject: {fileID: 0}
  m_PrefabInternal: {fileID: 100100000}
  serializedVersion: 4
  m_Component:
  - 4: {fileID: 474568}
  m_Layer: 0
  m_Name: Camera
  m_TagString: Untagged
  m_Icon: {fileID: 0}
  m_NavMeshLayer: 0
  m_StaticEditorFlags: 0
  m_IsActive: 1
--- !u!1 &172400
GameObject:
  m_ObjectHideFlags: 1
  m_PrefabParentObject: {fileID: 0}
  m_PrefabInternal: {fileID: 100100000}
  serializedVersion: 4
  m_Component:
  - 4: {fileID: 425970}
  m_Layer: 0
  m_Name: f_ring.03.R
  m_TagString: Untagged
  m_Icon: {fileID: 0}
  m_NavMeshLayer: 0
  m_StaticEditorFlags: 0
  m_IsActive: 1
--- !u!1 &174504
GameObject:
  m_ObjectHideFlags: 1
  m_PrefabParentObject: {fileID: 0}
  m_PrefabInternal: {fileID: 100100000}
  serializedVersion: 4
  m_Component:
  - 4: {fileID: 421336}
  m_Layer: 0
  m_Name: Camera
  m_TagString: Untagged
  m_Icon: {fileID: 0}
  m_NavMeshLayer: 0
  m_StaticEditorFlags: 0
  m_IsActive: 1
--- !u!1 &174516
GameObject:
  m_ObjectHideFlags: 1
  m_PrefabParentObject: {fileID: 0}
  m_PrefabInternal: {fileID: 100100000}
  serializedVersion: 4
  m_Component:
  - 4: {fileID: 485572}
  m_Layer: 0
  m_Name: f_middle.03.R
  m_TagString: Untagged
  m_Icon: {fileID: 0}
  m_NavMeshLayer: 0
  m_StaticEditorFlags: 0
  m_IsActive: 1
--- !u!1 &175232
GameObject:
  m_ObjectHideFlags: 1
  m_PrefabParentObject: {fileID: 0}
  m_PrefabInternal: {fileID: 100100000}
  serializedVersion: 4
  m_Component:
  - 4: {fileID: 442748}
  m_Layer: 0
  m_Name: f_pinky.03.R_end
  m_TagString: Untagged
  m_Icon: {fileID: 0}
  m_NavMeshLayer: 0
  m_StaticEditorFlags: 0
  m_IsActive: 1
--- !u!1 &175326
GameObject:
  m_ObjectHideFlags: 1
  m_PrefabParentObject: {fileID: 0}
  m_PrefabInternal: {fileID: 100100000}
  serializedVersion: 4
  m_Component:
  - 4: {fileID: 400022}
  m_Layer: 0
  m_Name: shin.R
  m_TagString: Untagged
  m_Icon: {fileID: 0}
  m_NavMeshLayer: 0
  m_StaticEditorFlags: 0
  m_IsActive: 1
--- !u!1 &175430
GameObject:
  m_ObjectHideFlags: 1
  m_PrefabParentObject: {fileID: 0}
  m_PrefabInternal: {fileID: 100100000}
  serializedVersion: 4
  m_Component:
  - 4: {fileID: 489652}
  m_Layer: 0
  m_Name: f_index.03.L_end
  m_TagString: Untagged
  m_Icon: {fileID: 0}
  m_NavMeshLayer: 0
  m_StaticEditorFlags: 0
  m_IsActive: 1
--- !u!1 &175984
GameObject:
  m_ObjectHideFlags: 1
  m_PrefabParentObject: {fileID: 0}
  m_PrefabInternal: {fileID: 100100000}
  serializedVersion: 4
  m_Component:
  - 4: {fileID: 470830}
  m_Layer: 0
  m_Name: thumb.01.R
  m_TagString: Untagged
  m_Icon: {fileID: 0}
  m_NavMeshLayer: 0
  m_StaticEditorFlags: 0
  m_IsActive: 1
--- !u!1 &176060
GameObject:
  m_ObjectHideFlags: 1
  m_PrefabParentObject: {fileID: 0}
  m_PrefabInternal: {fileID: 100100000}
  serializedVersion: 4
  m_Component:
  - 4: {fileID: 457326}
  m_Layer: 0
  m_Name: DogSpiritMask
  m_TagString: Untagged
  m_Icon: {fileID: 0}
  m_NavMeshLayer: 0
  m_StaticEditorFlags: 0
  m_IsActive: 0
--- !u!1 &176372
GameObject:
  m_ObjectHideFlags: 1
  m_PrefabParentObject: {fileID: 0}
  m_PrefabInternal: {fileID: 100100000}
  serializedVersion: 4
  m_Component:
  - 4: {fileID: 419334}
  m_Layer: 0
  m_Name: hips
  m_TagString: Untagged
  m_Icon: {fileID: 0}
  m_NavMeshLayer: 0
  m_StaticEditorFlags: 0
  m_IsActive: 1
--- !u!1 &178914
GameObject:
  m_ObjectHideFlags: 1
  m_PrefabParentObject: {fileID: 0}
  m_PrefabInternal: {fileID: 100100000}
  serializedVersion: 4
  m_Component:
  - 4: {fileID: 418060}
  m_Layer: 0
  m_Name: f_ring.01.R
  m_TagString: Untagged
  m_Icon: {fileID: 0}
  m_NavMeshLayer: 0
  m_StaticEditorFlags: 0
  m_IsActive: 1
--- !u!1 &178924
GameObject:
  m_ObjectHideFlags: 1
  m_PrefabParentObject: {fileID: 0}
  m_PrefabInternal: {fileID: 100100000}
  serializedVersion: 4
  m_Component:
  - 4: {fileID: 485670}
  m_Layer: 0
  m_Name: Lamp
  m_TagString: Untagged
  m_Icon: {fileID: 0}
  m_NavMeshLayer: 0
  m_StaticEditorFlags: 0
  m_IsActive: 1
--- !u!1 &179282
GameObject:
  m_ObjectHideFlags: 1
  m_PrefabParentObject: {fileID: 0}
  m_PrefabInternal: {fileID: 100100000}
  serializedVersion: 4
  m_Component:
  - 4: {fileID: 490430}
  m_Layer: 0
  m_Name: palm.01.R
  m_TagString: Untagged
  m_Icon: {fileID: 0}
  m_NavMeshLayer: 0
  m_StaticEditorFlags: 0
  m_IsActive: 1
--- !u!1 &179424
GameObject:
  m_ObjectHideFlags: 1
  m_PrefabParentObject: {fileID: 0}
  m_PrefabInternal: {fileID: 100100000}
  serializedVersion: 4
  m_Component:
  - 4: {fileID: 424314}
  m_Layer: 0
  m_Name: f_middle.03.L
  m_TagString: Untagged
  m_Icon: {fileID: 0}
  m_NavMeshLayer: 0
  m_StaticEditorFlags: 0
  m_IsActive: 1
--- !u!1 &183874
GameObject:
  m_ObjectHideFlags: 1
  m_PrefabParentObject: {fileID: 0}
  m_PrefabInternal: {fileID: 100100000}
  serializedVersion: 4
  m_Component:
  - 4: {fileID: 456276}
  m_Layer: 0
  m_Name: f_pinky.01.L
  m_TagString: Untagged
  m_Icon: {fileID: 0}
  m_NavMeshLayer: 0
  m_StaticEditorFlags: 0
  m_IsActive: 1
--- !u!1 &184404
GameObject:
  m_ObjectHideFlags: 1
  m_PrefabParentObject: {fileID: 0}
  m_PrefabInternal: {fileID: 100100000}
  serializedVersion: 4
  m_Component:
  - 4: {fileID: 421372}
  m_Layer: 0
  m_Name: palm.02.L
  m_TagString: Untagged
  m_Icon: {fileID: 0}
  m_NavMeshLayer: 0
  m_StaticEditorFlags: 0
  m_IsActive: 1
--- !u!1 &184988
GameObject:
  m_ObjectHideFlags: 1
  m_PrefabParentObject: {fileID: 0}
  m_PrefabInternal: {fileID: 100100000}
  serializedVersion: 4
  m_Component:
  - 4: {fileID: 400754}
  - 33: {fileID: 3318694}
  - 23: {fileID: 2342554}
  m_Layer: 0
  m_Name: Cube
  m_TagString: Untagged
  m_Icon: {fileID: 0}
  m_NavMeshLayer: 0
  m_StaticEditorFlags: 0
  m_IsActive: 1
--- !u!1 &185474
GameObject:
  m_ObjectHideFlags: 1
  m_PrefabParentObject: {fileID: 0}
  m_PrefabInternal: {fileID: 100100000}
  serializedVersion: 4
  m_Component:
  - 4: {fileID: 454394}
  m_Layer: 0
  m_Name: thumb.03.L
  m_TagString: Untagged
  m_Icon: {fileID: 0}
  m_NavMeshLayer: 0
  m_StaticEditorFlags: 0
  m_IsActive: 1
--- !u!1 &186692
GameObject:
  m_ObjectHideFlags: 1
  m_PrefabParentObject: {fileID: 0}
  m_PrefabInternal: {fileID: 100100000}
  serializedVersion: 4
  m_Component:
  - 4: {fileID: 439440}
  m_Layer: 0
  m_Name: palm.04.L
  m_TagString: Untagged
  m_Icon: {fileID: 0}
  m_NavMeshLayer: 0
  m_StaticEditorFlags: 0
  m_IsActive: 1
--- !u!1 &187114
GameObject:
  m_ObjectHideFlags: 1
  m_PrefabParentObject: {fileID: 0}
  m_PrefabInternal: {fileID: 100100000}
  serializedVersion: 4
  m_Component:
  - 4: {fileID: 424680}
  m_Layer: 0
  m_Name: f_middle.03.L_end
  m_TagString: Untagged
  m_Icon: {fileID: 0}
  m_NavMeshLayer: 0
  m_StaticEditorFlags: 0
  m_IsActive: 1
--- !u!1 &188498
GameObject:
  m_ObjectHideFlags: 1
  m_PrefabParentObject: {fileID: 0}
  m_PrefabInternal: {fileID: 100100000}
  serializedVersion: 4
  m_Component:
  - 4: {fileID: 470410}
  m_Layer: 0
  m_Name: f_middle.02.R
  m_TagString: Untagged
  m_Icon: {fileID: 0}
  m_NavMeshLayer: 0
  m_StaticEditorFlags: 0
  m_IsActive: 1
--- !u!1 &189202
GameObject:
  m_ObjectHideFlags: 1
  m_PrefabParentObject: {fileID: 0}
  m_PrefabInternal: {fileID: 100100000}
  serializedVersion: 4
  m_Component:
  - 4: {fileID: 451630}
  - 137: {fileID: 13797220}
  m_Layer: 0
  m_Name: Skirt
  m_TagString: Untagged
  m_Icon: {fileID: 0}
  m_NavMeshLayer: 0
  m_StaticEditorFlags: 0
  m_IsActive: 1
--- !u!1 &189594
GameObject:
  m_ObjectHideFlags: 1
  m_PrefabParentObject: {fileID: 0}
  m_PrefabInternal: {fileID: 100100000}
  serializedVersion: 4
  m_Component:
  - 4: {fileID: 421302}
  m_Layer: 0
  m_Name: f_ring.01.L
  m_TagString: Untagged
  m_Icon: {fileID: 0}
  m_NavMeshLayer: 0
  m_StaticEditorFlags: 0
  m_IsActive: 1
--- !u!1 &191104
GameObject:
  m_ObjectHideFlags: 1
  m_PrefabParentObject: {fileID: 0}
  m_PrefabInternal: {fileID: 100100000}
  serializedVersion: 4
  m_Component:
  - 4: {fileID: 462616}
  m_Layer: 0
  m_Name: thumb.02.R
  m_TagString: Untagged
  m_Icon: {fileID: 0}
  m_NavMeshLayer: 0
  m_StaticEditorFlags: 0
  m_IsActive: 1
--- !u!1 &192228
GameObject:
  m_ObjectHideFlags: 1
  m_PrefabParentObject: {fileID: 0}
  m_PrefabInternal: {fileID: 100100000}
  serializedVersion: 4
  m_Component:
  - 4: {fileID: 489048}
  m_Layer: 0
  m_Name: BirdSpiritMask
  m_TagString: Untagged
  m_Icon: {fileID: 0}
  m_NavMeshLayer: 0
  m_StaticEditorFlags: 0
  m_IsActive: 0
--- !u!1 &193754
GameObject:
  m_ObjectHideFlags: 1
  m_PrefabParentObject: {fileID: 0}
  m_PrefabInternal: {fileID: 100100000}
  serializedVersion: 4
  m_Component:
  - 4: {fileID: 444896}
  m_Layer: 0
  m_Name: f_index.02.L
  m_TagString: Untagged
  m_Icon: {fileID: 0}
  m_NavMeshLayer: 0
  m_StaticEditorFlags: 0
  m_IsActive: 1
--- !u!1 &194990
GameObject:
  m_ObjectHideFlags: 1
  m_PrefabParentObject: {fileID: 0}
  m_PrefabInternal: {fileID: 100100000}
  serializedVersion: 4
  m_Component:
  - 4: {fileID: 439782}
  m_Layer: 0
  m_Name: palm.04.R
  m_TagString: Untagged
  m_Icon: {fileID: 0}
  m_NavMeshLayer: 0
  m_StaticEditorFlags: 0
  m_IsActive: 1
--- !u!1 &196250
GameObject:
  m_ObjectHideFlags: 1
  m_PrefabParentObject: {fileID: 0}
  m_PrefabInternal: {fileID: 100100000}
  serializedVersion: 4
  m_Component:
  - 4: {fileID: 421888}
  m_Layer: 0
  m_Name: hand.R
  m_TagString: Untagged
  m_Icon: {fileID: 0}
  m_NavMeshLayer: 0
  m_StaticEditorFlags: 0
  m_IsActive: 1
--- !u!1 &197116
GameObject:
  m_ObjectHideFlags: 1
  m_PrefabParentObject: {fileID: 0}
  m_PrefabInternal: {fileID: 100100000}
  serializedVersion: 4
  m_Component:
  - 4: {fileID: 468130}
  m_Layer: 0
  m_Name: f_middle.01.R
  m_TagString: Untagged
  m_Icon: {fileID: 0}
  m_NavMeshLayer: 0
  m_StaticEditorFlags: 0
  m_IsActive: 1
--- !u!1 &197682
GameObject:
  m_ObjectHideFlags: 1
  m_PrefabParentObject: {fileID: 0}
  m_PrefabInternal: {fileID: 100100000}
  serializedVersion: 4
  m_Component:
  - 4: {fileID: 479606}
  m_Layer: 0
  m_Name: shoulder.L
  m_TagString: Untagged
  m_Icon: {fileID: 0}
  m_NavMeshLayer: 0
  m_StaticEditorFlags: 0
  m_IsActive: 1
--- !u!1 &197784
GameObject:
  m_ObjectHideFlags: 1
  m_PrefabParentObject: {fileID: 0}
  m_PrefabInternal: {fileID: 100100000}
  serializedVersion: 4
  m_Component:
  - 4: {fileID: 420474}
  m_Layer: 0
  m_Name: f_pinky.02.L
  m_TagString: Untagged
  m_Icon: {fileID: 0}
  m_NavMeshLayer: 0
  m_StaticEditorFlags: 0
  m_IsActive: 1
--- !u!1 &197822
GameObject:
  m_ObjectHideFlags: 1
  m_PrefabParentObject: {fileID: 0}
  m_PrefabInternal: {fileID: 100100000}
  serializedVersion: 4
  m_Component:
  - 4: {fileID: 453310}
  m_Layer: 0
  m_Name: f_middle.02.L
  m_TagString: Untagged
  m_Icon: {fileID: 0}
  m_NavMeshLayer: 0
  m_StaticEditorFlags: 0
  m_IsActive: 1
--- !u!1 &198132
GameObject:
  m_ObjectHideFlags: 1
  m_PrefabParentObject: {fileID: 0}
  m_PrefabInternal: {fileID: 100100000}
  serializedVersion: 4
  m_Component:
  - 4: {fileID: 490852}
  - 33: {fileID: 3373494}
  - 23: {fileID: 2350888}
  m_Layer: 0
  m_Name: Cube
  m_TagString: Untagged
  m_Icon: {fileID: 0}
  m_NavMeshLayer: 0
  m_StaticEditorFlags: 0
  m_IsActive: 1
--- !u!1 &198264
GameObject:
  m_ObjectHideFlags: 1
  m_PrefabParentObject: {fileID: 0}
  m_PrefabInternal: {fileID: 100100000}
  serializedVersion: 4
  m_Component:
  - 4: {fileID: 478378}
  m_Layer: 0
  m_Name: f_index.01.L
  m_TagString: Untagged
  m_Icon: {fileID: 0}
  m_NavMeshLayer: 0
  m_StaticEditorFlags: 0
  m_IsActive: 1
--- !u!4 &400022
Transform:
  m_ObjectHideFlags: 1
  m_PrefabParentObject: {fileID: 0}
  m_PrefabInternal: {fileID: 100100000}
  m_GameObject: {fileID: 175326}
  m_LocalRotation: {x: 0.08754127, y: -0, z: -0, w: 0.9961609}
  m_LocalPosition: {x: -7.4505804e-11, y: 0.005363693, z: -1.8626451e-11}
  m_LocalScale: {x: 1, y: 0.99999994, z: 0.99999994}
  m_Children:
  - {fileID: 420908}
  - {fileID: 464510}
  m_Father: {fileID: 442448}
  m_RootOrder: 0
--- !u!4 &400094
Transform:
  m_ObjectHideFlags: 1
  m_PrefabParentObject: {fileID: 0}
  m_PrefabInternal: {fileID: 100100000}
  m_GameObject: {fileID: 108298}
  m_LocalRotation: {x: 0.045844436, y: -0.70364183, z: -0.25857398, w: 0.6602469}
  m_LocalPosition: {x: 0.000035063716, y: -0.00008324325, z: 0.00024358447}
  m_LocalScale: {x: 1, y: 0.99999994, z: 0.99999976}
  m_Children:
  - {fileID: 427798}
  m_Father: {fileID: 477860}
  m_RootOrder: 1
--- !u!4 &400754
Transform:
  m_ObjectHideFlags: 1
  m_PrefabParentObject: {fileID: 0}
  m_PrefabInternal: {fileID: 100100000}
  m_GameObject: {fileID: 184988}
  m_LocalRotation: {x: -0.7071068, y: 0, z: -0, w: 0.7071067}
  m_LocalPosition: {x: 0, y: 0, z: 0}
  m_LocalScale: {x: 100, y: 100.00001, z: 100.00001}
  m_Children: []
  m_Father: {fileID: 489048}
  m_RootOrder: 1
--- !u!4 &401556
Transform:
  m_ObjectHideFlags: 1
  m_PrefabParentObject: {fileID: 0}
  m_PrefabInternal: {fileID: 100100000}
  m_GameObject: {fileID: 140642}
  m_LocalRotation: {x: -0.25872746, y: 0.6888463, z: -0.52082384, w: 0.43277413}
  m_LocalPosition: {x: 0.00007791531, y: 0.0020079094, z: -0.00020384978}
  m_LocalScale: {x: 0.9999999, y: 0.9999998, z: 0.99999994}
  m_Children:
  - {fileID: 460008}
  m_Father: {fileID: 496274}
  m_RootOrder: 0
--- !u!4 &402474
Transform:
  m_ObjectHideFlags: 1
  m_PrefabParentObject: {fileID: 0}
  m_PrefabInternal: {fileID: 100100000}
  m_GameObject: {fileID: 154424}
  m_LocalRotation: {x: -0.000000014440108, y: 0.9612487, z: -0.27568263, w: -0.00000013438475}
  m_LocalPosition: {x: -0, y: 0.0012924555, z: -9.3132255e-12}
  m_LocalScale: {x: 1, y: 1.0000002, z: 1.0000002}
  m_Children:
  - {fileID: 404852}
  m_Father: {fileID: 455680}
  m_RootOrder: 0
--- !u!4 &404852
Transform:
  m_ObjectHideFlags: 1
  m_PrefabParentObject: {fileID: 0}
  m_PrefabInternal: {fileID: 100100000}
  m_GameObject: {fileID: 102778}
  m_LocalRotation: {x: 0, y: 0, z: 0, w: 1}
  m_LocalPosition: {x: -0, y: 0.00067200005, z: 0}
  m_LocalScale: {x: 1, y: 1, z: 1}
  m_Children: []
  m_Father: {fileID: 402474}
  m_RootOrder: 0
--- !u!4 &408552
Transform:
  m_ObjectHideFlags: 1
  m_PrefabParentObject: {fileID: 0}
  m_PrefabInternal: {fileID: 100100000}
  m_GameObject: {fileID: 116796}
  m_LocalRotation: {x: -0.054667804, y: 0, z: -0, w: 0.9985046}
  m_LocalPosition: {x: -0, y: 0.0017790567, z: -3.7252902e-11}
  m_LocalScale: {x: 1, y: 1, z: 1}
  m_Children:
  - {fileID: 478732}
  m_Father: {fileID: 419334}
  m_RootOrder: 0
--- !u!4 &408684
Transform:
  m_ObjectHideFlags: 1
  m_PrefabParentObject: {fileID: 0}
  m_PrefabInternal: {fileID: 100100000}
  m_GameObject: {fileID: 106366}
  m_LocalRotation: {x: 0, y: -0.98842925, z: 0, w: -0.15168305}
  m_LocalPosition: {x: 1, y: 1, z: 2}
  m_LocalScale: {x: 1, y: 1, z: 1}
  m_Children:
  - {fileID: 422492}
  m_Father: {fileID: 0}
  m_RootOrder: 0
--- !u!4 &410494
Transform:
  m_ObjectHideFlags: 1
  m_PrefabParentObject: {fileID: 0}
  m_PrefabInternal: {fileID: 100100000}
  m_GameObject: {fileID: 131454}
  m_LocalRotation: {x: 0, y: 0, z: 0, w: 1}
  m_LocalPosition: {x: -0, y: 0.00018550019, z: 0}
  m_LocalScale: {x: 1, y: 1, z: 1}
  m_Children: []
  m_Father: {fileID: 425970}
  m_RootOrder: 0
--- !u!4 &410916
Transform:
  m_ObjectHideFlags: 1
  m_PrefabParentObject: {fileID: 0}
  m_PrefabInternal: {fileID: 100100000}
  m_GameObject: {fileID: 153182}
  m_LocalRotation: {x: -0.7071068, y: 0, z: -0, w: 0.7071067}
  m_LocalPosition: {x: 0, y: 1.2465475, z: 0}
  m_LocalScale: {x: 100, y: 100.00001, z: 100.00001}
  m_Children: []
  m_Father: {fileID: 422492}
  m_RootOrder: 0
--- !u!4 &411754
Transform:
  m_ObjectHideFlags: 1
  m_PrefabParentObject: {fileID: 0}
  m_PrefabInternal: {fileID: 100100000}
  m_GameObject: {fileID: 154444}
  m_LocalRotation: {x: 0.6413783, y: 0.6413762, z: -0.29771444, w: 0.29771918}
  m_LocalPosition: {x: -0.00038000487, y: 0.00054618786, z: 0.0006736638}
  m_LocalScale: {x: 1, y: 1, z: 0.99999994}
  m_Children:
  - {fileID: 423074}
  m_Father: {fileID: 460044}
  m_RootOrder: 0
--- !u!4 &412268
Transform:
  m_ObjectHideFlags: 1
  m_PrefabParentObject: {fileID: 0}
  m_PrefabInternal: {fileID: 100100000}
  m_GameObject: {fileID: 164534}
  m_LocalRotation: {x: 0.086366415, y: -0.015073316, z: -0.015087642, w: 0.99603516}
  m_LocalPosition: {x: -0, y: 0.0002259237, z: 2.6775523e-11}
  m_LocalScale: {x: 1, y: 1, z: 1.0000001}
  m_Children:
  - {fileID: 442748}
  m_Father: {fileID: 488568}
  m_RootOrder: 0
--- !u!4 &418060
Transform:
  m_ObjectHideFlags: 1
  m_PrefabParentObject: {fileID: 0}
  m_PrefabInternal: {fileID: 100100000}
  m_GameObject: {fileID: 178914}
  m_LocalRotation: {x: 0.28215462, y: -0.009797597, z: -0.0028621987, w: 0.95931464}
  m_LocalPosition: {x: -2.6077032e-10, y: 0.0006979404, z: 7.101335e-11}
  m_LocalScale: {x: 1, y: 1, z: 1}
  m_Children:
  - {fileID: 426600}
  m_Father: {fileID: 439712}
  m_RootOrder: 0
--- !u!4 &419334
Transform:
  m_ObjectHideFlags: 1
  m_PrefabParentObject: {fileID: 0}
  m_PrefabInternal: {fileID: 100100000}
  m_GameObject: {fileID: 176372}
  m_LocalRotation: {x: 0.77897245, y: 0, z: 0, w: 0.62705815}
  m_LocalPosition: {x: -0, y: 0.00055199995, z: 0.010098999}
  m_LocalScale: {x: 1, y: 1, z: 1}
  m_Children:
  - {fileID: 408552}
  - {fileID: 470904}
  - {fileID: 442448}
  m_Father: {fileID: 425630}
  m_RootOrder: 0
--- !u!4 &420474
Transform:
  m_ObjectHideFlags: 1
  m_PrefabParentObject: {fileID: 0}
  m_PrefabInternal: {fileID: 100100000}
  m_GameObject: {fileID: 197784}
  m_LocalRotation: {x: 0.043595534, y: 0.010747708, z: 0.016222585, w: 0.9988597}
  m_LocalPosition: {x: -0, y: 0.0002787633, z: -2.3283063e-11}
  m_LocalScale: {x: 1, y: 0.99999994, z: 1.0000001}
  m_Children:
  - {fileID: 485102}
  m_Father: {fileID: 456276}
  m_RootOrder: 0
--- !u!4 &420908
Transform:
  m_ObjectHideFlags: 1
  m_PrefabParentObject: {fileID: 0}
  m_PrefabInternal: {fileID: 100100000}
  m_GameObject: {fileID: 163716}
  m_LocalRotation: {x: -0.52736366, y: 0, z: -0, w: 0.84963965}
  m_LocalPosition: {x: -0, y: 0.0045421473, z: 9.3132255e-12}
  m_LocalScale: {x: 1, y: 1, z: 1}
  m_Children:
  - {fileID: 473336}
  m_Father: {fileID: 400022}
  m_RootOrder: 0
--- !u!4 &421302
Transform:
  m_ObjectHideFlags: 1
  m_PrefabParentObject: {fileID: 0}
  m_PrefabInternal: {fileID: 100100000}
  m_GameObject: {fileID: 189594}
  m_LocalRotation: {x: 0.28212047, y: 0.009999508, z: 0.0035482075, w: 0.9593203}
  m_LocalPosition: {x: -0, y: 0.0006979745, z: -3.1664968e-10}
  m_LocalScale: {x: 1, y: 0.99999994, z: 1}
  m_Children:
  - {fileID: 431646}
  m_Father: {fileID: 442226}
  m_RootOrder: 0
--- !u!4 &421336
Transform:
  m_ObjectHideFlags: 1
  m_PrefabParentObject: {fileID: 0}
  m_PrefabInternal: {fileID: 100100000}
  m_GameObject: {fileID: 174504}
  m_LocalRotation: {x: -0.08928169, y: 0.35806692, z: -0.21061139, w: 0.9052401}
  m_LocalPosition: {x: -7.4811316, y: 5.343665, z: 6.5076394}
  m_LocalScale: {x: 100, y: 100.00001, z: 100}
  m_Children: []
  m_Father: {fileID: 422492}
  m_RootOrder: 1
--- !u!4 &421372
Transform:
  m_ObjectHideFlags: 1
  m_PrefabParentObject: {fileID: 0}
  m_PrefabInternal: {fileID: 100100000}
  m_GameObject: {fileID: 184404}
  m_LocalRotation: {x: -0.010443287, y: 0.0045279525, z: -0.03249393, w: 0.9994071}
  m_LocalPosition: {x: 0.000060839728, y: 0.0004197361, z: -0.000077209006}
  m_LocalScale: {x: 1, y: 1, z: 1}
  m_Children:
  - {fileID: 427458}
  m_Father: {fileID: 438516}
  m_RootOrder: 1
--- !u!4 &421888
Transform:
  m_ObjectHideFlags: 1
  m_PrefabParentObject: {fileID: 0}
  m_PrefabInternal: {fileID: 100100000}
  m_GameObject: {fileID: 196250}
  m_LocalRotation: {x: 0.0022181312, y: 0.70941633, z: -0.037641678, w: 0.7037803}
  m_LocalPosition: {x: 2.4156179e-11, y: 0.0026283544, z: 2.0489097e-10}
  m_LocalScale: {x: 1.0000001, y: 1.0000001, z: 0.99999994}
  m_Children:
  - {fileID: 490430}
  - {fileID: 439026}
  - {fileID: 439712}
  - {fileID: 439782}
  m_Father: {fileID: 460008}
  m_RootOrder: 0
--- !u!4 &422492
Transform:
  m_ObjectHideFlags: 1
  m_PrefabParentObject: {fileID: 0}
  m_PrefabInternal: {fileID: 100100000}
  m_GameObject: {fileID: 132466}
  m_LocalRotation: {x: 0, y: 0, z: 0, w: 1}
  m_LocalPosition: {x: 0, y: 0, z: 0}
  m_LocalScale: {x: 1, y: 1, z: 1}
  m_Children:
  - {fileID: 410916}
  - {fileID: 421336}
  - {fileID: 468120}
  - {fileID: 425630}
  - {fileID: 451630}
  m_Father: {fileID: 408684}
  m_RootOrder: 0
--- !u!4 &423074
Transform:
  m_ObjectHideFlags: 1
  m_PrefabParentObject: {fileID: 0}
  m_PrefabInternal: {fileID: 100100000}
  m_GameObject: {fileID: 132068}
  m_LocalRotation: {x: 0, y: 0, z: 0, w: 1}
  m_LocalPosition: {x: -0, y: 0.0008, z: 0}
  m_LocalScale: {x: 1, y: 1, z: 1}
  m_Children: []
  m_Father: {fileID: 411754}
  m_RootOrder: 0
--- !u!4 &424314
Transform:
  m_ObjectHideFlags: 1
  m_PrefabParentObject: {fileID: 0}
  m_PrefabInternal: {fileID: 100100000}
  m_GameObject: {fileID: 179424}
  m_LocalRotation: {x: 0.058401495, y: 0.020037325, z: 0.020150986, w: 0.9978886}
  m_LocalPosition: {x: 1.4901161e-10, y: 0.00032195915, z: 5.867332e-10}
  m_LocalScale: {x: 0.9999999, y: 0.9999998, z: 0.9999998}
  m_Children:
  - {fileID: 424680}
  m_Father: {fileID: 453310}
  m_RootOrder: 0
--- !u!4 &424680
Transform:
  m_ObjectHideFlags: 1
  m_PrefabParentObject: {fileID: 0}
  m_PrefabInternal: {fileID: 100100000}
  m_GameObject: {fileID: 187114}
  m_LocalRotation: {x: 0, y: 0, z: 0, w: 1}
  m_LocalPosition: {x: -0, y: 0.0002270443, z: 0}
  m_LocalScale: {x: 1, y: 1, z: 1}
  m_Children: []
  m_Father: {fileID: 424314}
  m_RootOrder: 0
--- !u!4 &425630
Transform:
  m_ObjectHideFlags: 1
  m_PrefabParentObject: {fileID: 0}
  m_PrefabInternal: {fileID: 100100000}
  m_GameObject: {fileID: 148278}
  m_LocalRotation: {x: -0.7071068, y: 0, z: -0, w: 0.7071067}
  m_LocalPosition: {x: 0, y: 0, z: 0}
  m_LocalScale: {x: 100, y: 100.00001, z: 100.00001}
  m_Children:
  - {fileID: 419334}
  m_Father: {fileID: 422492}
  m_RootOrder: 3
--- !u!4 &425970
Transform:
  m_ObjectHideFlags: 1
  m_PrefabParentObject: {fileID: 0}
  m_PrefabInternal: {fileID: 100100000}
  m_GameObject: {fileID: 172400}
  m_LocalRotation: {x: 0.15675357, y: -0.041384656, z: -0.036654577, w: 0.9860893}
  m_LocalPosition: {x: -9.313225e-11, y: 0.00031800917, z: -5.3551046e-11}
  m_LocalScale: {x: 1, y: 1.0000001, z: 1}
  m_Children:
  - {fileID: 410494}
  m_Father: {fileID: 426600}
  m_RootOrder: 0
--- !u!4 &426600
Transform:
  m_ObjectHideFlags: 1
  m_PrefabParentObject: {fileID: 0}
  m_PrefabInternal: {fileID: 100100000}
  m_GameObject: {fileID: 103006}
  m_LocalRotation: {x: 0.07416835, y: -0.020873262, z: -0.02069522, w: 0.99681246}
  m_LocalPosition: {x: -4.8894434e-11, y: 0.00044816727, z: -2.7706845e-10}
  m_LocalScale: {x: 1, y: 0.99999994, z: 1}
  m_Children:
  - {fileID: 425970}
  m_Father: {fileID: 418060}
  m_RootOrder: 0
--- !u!4 &427458
Transform:
  m_ObjectHideFlags: 1
  m_PrefabParentObject: {fileID: 0}
  m_PrefabInternal: {fileID: 100100000}
  m_GameObject: {fileID: 107620}
  m_LocalRotation: {x: 0.21545392, y: -0.014636053, z: 0.02985662, w: 0.97594774}
  m_LocalPosition: {x: -4.4703483e-10, y: 0.0006818713, z: 6.61239e-10}
  m_LocalScale: {x: 1, y: 1.0000001, z: 1}
  m_Children:
  - {fileID: 453310}
  m_Father: {fileID: 421372}
  m_RootOrder: 0
--- !u!4 &427798
Transform:
  m_ObjectHideFlags: 1
  m_PrefabParentObject: {fileID: 0}
  m_PrefabInternal: {fileID: 100100000}
  m_GameObject: {fileID: 155068}
  m_LocalRotation: {x: 0.15866783, y: 0.0060373945, z: 0.073498264, w: 0.9845741}
  m_LocalPosition: {x: 2.7939676e-10, y: 0.00041744605, z: -5.2154064e-10}
  m_LocalScale: {x: 1, y: 0.99999994, z: 0.9999999}
  m_Children:
  - {fileID: 454394}
  m_Father: {fileID: 400094}
  m_RootOrder: 0
--- !u!4 &431646
Transform:
  m_ObjectHideFlags: 1
  m_PrefabParentObject: {fileID: 0}
  m_PrefabInternal: {fileID: 100100000}
  m_GameObject: {fileID: 127206}
  m_LocalRotation: {x: 0.074168354, y: 0.020873275, z: 0.020695236, w: 0.99681246}
  m_LocalPosition: {x: 1.4901161e-10, y: 0.00044816718, z: 1.3271347e-10}
  m_LocalScale: {x: 0.99999994, y: 1, z: 1}
  m_Children:
  - {fileID: 458356}
  m_Father: {fileID: 421302}
  m_RootOrder: 0
--- !u!4 &432434
Transform:
  m_ObjectHideFlags: 1
  m_PrefabParentObject: {fileID: 0}
  m_PrefabInternal: {fileID: 100100000}
  m_GameObject: {fileID: 120170}
  m_LocalRotation: {x: 0.3508749, y: -0.06394666, z: 0.0046576527, w: 0.9342248}
  m_LocalPosition: {x: -1.8626451e-11, y: 0.0007480226, z: 3.5215632e-11}
  m_LocalScale: {x: 1.0000001, y: 1.0000001, z: 1}
  m_Children:
  - {fileID: 488568}
  m_Father: {fileID: 439782}
  m_RootOrder: 0
--- !u!4 &433072
Transform:
  m_ObjectHideFlags: 1
  m_PrefabParentObject: {fileID: 0}
  m_PrefabInternal: {fileID: 100100000}
  m_GameObject: {fileID: 148152}
  m_LocalRotation: {x: 0.18159032, y: 0.00077076536, z: 0.041493453, w: 0.98249817}
  m_LocalPosition: {x: 2.7939677e-11, y: 0.0028850974, z: -2.7939677e-11}
  m_LocalScale: {x: 1, y: 0.99999994, z: 0.99999994}
  m_Children:
  - {fileID: 438516}
  m_Father: {fileID: 441566}
  m_RootOrder: 0
--- !u!4 &437772
Transform:
  m_ObjectHideFlags: 1
  m_PrefabParentObject: {fileID: 0}
  m_PrefabInternal: {fileID: 100100000}
  m_GameObject: {fileID: 108332}
  m_LocalRotation: {x: 0, y: 0, z: 0, w: 1}
  m_LocalPosition: {x: -0, y: 0.00020790589, z: 0}
  m_LocalScale: {x: 1, y: 1, z: 1}
  m_Children: []
  m_Father: {fileID: 478548}
  m_RootOrder: 0
--- !u!4 &438516
Transform:
  m_ObjectHideFlags: 1
  m_PrefabParentObject: {fileID: 0}
  m_PrefabInternal: {fileID: 100100000}
  m_GameObject: {fileID: 108804}
  m_LocalRotation: {x: 0.0022181312, y: -0.70941633, z: 0.037641678, w: 0.7037803}
  m_LocalPosition: {x: 3.0733643e-10, y: 0.0026283558, z: 1.11758706e-10}
  m_LocalScale: {x: 1.0000001, y: 1.0000001, z: 1}
  m_Children:
  - {fileID: 477860}
  - {fileID: 421372}
  - {fileID: 442226}
  - {fileID: 439440}
  m_Father: {fileID: 433072}
  m_RootOrder: 0
--- !u!4 &439026
Transform:
  m_ObjectHideFlags: 1
  m_PrefabParentObject: {fileID: 0}
  m_PrefabInternal: {fileID: 100100000}
  m_GameObject: {fileID: 155822}
  m_LocalRotation: {x: -0.010443286, y: -0.004527951, z: 0.032493927, w: 0.9994071}
  m_LocalPosition: {x: -0.00006083965, y: 0.00041973597, z: -0.00007720854}
  m_LocalScale: {x: 0.99999994, y: 0.99999994, z: 0.99999994}
  m_Children:
  - {fileID: 468130}
  m_Father: {fileID: 421888}
  m_RootOrder: 1
--- !u!4 &439440
Transform:
  m_ObjectHideFlags: 1
  m_PrefabParentObject: {fileID: 0}
  m_PrefabInternal: {fileID: 100100000}
  m_GameObject: {fileID: 186692}
  m_LocalRotation: {x: -0.0015011063, y: 0.009052141, z: 0.094683245, w: 0.99546516}
  m_LocalPosition: {x: -0.00024147308, y: 0.00035992626, z: -0.00004565611}
  m_LocalScale: {x: 1.0000001, y: 1.0000001, z: 1.0000001}
  m_Children:
  - {fileID: 456276}
  m_Father: {fileID: 438516}
  m_RootOrder: 3
--- !u!4 &439712
Transform:
  m_ObjectHideFlags: 1
  m_PrefabParentObject: {fileID: 0}
  m_PrefabInternal: {fileID: 100100000}
  m_GameObject: {fileID: 128772}
  m_LocalRotation: {x: -0.021853464, y: -0.022040633, z: -0.03314399, w: 0.99896854}
  m_LocalPosition: {x: 0.00009295078, y: 0.00040045934, z: -0.000069469555}
  m_LocalScale: {x: 1.0000001, y: 0.9999998, z: 1}
  m_Children:
  - {fileID: 418060}
  m_Father: {fileID: 421888}
  m_RootOrder: 2
--- !u!4 &439782
Transform:
  m_ObjectHideFlags: 1
  m_PrefabParentObject: {fileID: 0}
  m_PrefabInternal: {fileID: 100100000}
  m_GameObject: {fileID: 194990}
  m_LocalRotation: {x: -0.0015011096, y: -0.009052141, z: -0.09468322, w: 0.99546516}
  m_LocalPosition: {x: 0.00024147368, y: 0.00035992698, z: -0.000045655575}
  m_LocalScale: {x: 1.0000001, y: 1, z: 1}
  m_Children:
  - {fileID: 432434}
  m_Father: {fileID: 421888}
  m_RootOrder: 3
--- !u!4 &441566
Transform:
  m_ObjectHideFlags: 1
  m_PrefabParentObject: {fileID: 0}
  m_PrefabInternal: {fileID: 100100000}
  m_GameObject: {fileID: 163346}
  m_LocalRotation: {x: 0.33588308, y: 0.6191789, z: -0.5494192, w: -0.44937572}
  m_LocalPosition: {x: -0.00007791531, y: 0.0020079094, z: -0.00020384978}
  m_LocalScale: {x: 1, y: 0.9999999, z: 1}
  m_Children:
  - {fileID: 433072}
  m_Father: {fileID: 479606}
  m_RootOrder: 0
--- !u!4 &442226
Transform:
  m_ObjectHideFlags: 1
  m_PrefabParentObject: {fileID: 0}
  m_PrefabInternal: {fileID: 100100000}
  m_GameObject: {fileID: 118096}
  m_LocalRotation: {x: -0.021841016, y: 0.022025947, z: 0.0324287, w: 0.9989926}
  m_LocalPosition: {x: -0.000093945935, y: 0.00040036088, z: -0.00006946214}
  m_LocalScale: {x: 0.99999994, y: 1, z: 1.0000001}
  m_Children:
  - {fileID: 421302}
  m_Father: {fileID: 438516}
  m_RootOrder: 2
--- !u!4 &442448
Transform:
  m_ObjectHideFlags: 1
  m_PrefabParentObject: {fileID: 0}
  m_PrefabInternal: {fileID: 100100000}
  m_GameObject: {fileID: 115164}
  m_LocalRotation: {x: 0.98937774, y: -0, z: 0, w: 0.14536746}
  m_LocalPosition: {x: 0.0009799999, y: 0.0006980878, z: 0.00028547915}
  m_LocalScale: {x: 1, y: 1.0000002, z: 1.0000043}
  m_Children:
  - {fileID: 400022}
  m_Father: {fileID: 419334}
  m_RootOrder: 2
--- !u!4 &442748
Transform:
  m_ObjectHideFlags: 1
  m_PrefabParentObject: {fileID: 0}
  m_PrefabInternal: {fileID: 100100000}
  m_GameObject: {fileID: 175232}
  m_LocalRotation: {x: 0, y: 0, z: 0, w: 1}
  m_LocalPosition: {x: -0, y: 0.00015017642, z: 0}
  m_LocalScale: {x: 1, y: 1, z: 1}
  m_Children: []
  m_Father: {fileID: 412268}
  m_RootOrder: 0
--- !u!4 &444494
Transform:
  m_ObjectHideFlags: 1
  m_PrefabParentObject: {fileID: 0}
  m_PrefabInternal: {fileID: 100100000}
  m_GameObject: {fileID: 155970}
  m_LocalRotation: {x: 0, y: 0, z: 0, w: 1}
  m_LocalPosition: {x: -0, y: 0.00022818628, z: 0}
  m_LocalScale: {x: 1, y: 1, z: 1}
  m_Children: []
  m_Father: {fileID: 484558}
  m_RootOrder: 0
--- !u!4 &444896
Transform:
  m_ObjectHideFlags: 1
  m_PrefabParentObject: {fileID: 0}
  m_PrefabInternal: {fileID: 100100000}
  m_GameObject: {fileID: 193754}
  m_LocalRotation: {x: 0.07782381, y: 0.006527509, z: 0.0030194232, w: 0.9969412}
  m_LocalPosition: {x: -3.259629e-11, y: 0.0004503996, z: 1.0244548e-10}
  m_LocalScale: {x: 0.9999999, y: 0.9999998, z: 0.9999999}
  m_Children:
  - {fileID: 474192}
  m_Father: {fileID: 478378}
  m_RootOrder: 0
--- !u!4 &447340
Transform:
  m_ObjectHideFlags: 1
  m_PrefabParentObject: {fileID: 0}
  m_PrefabInternal: {fileID: 100100000}
  m_GameObject: {fileID: 164380}
  m_LocalRotation: {x: -0.08928169, y: 0.35806692, z: -0.21061139, w: 0.9052401}
  m_LocalPosition: {x: -7.4811316, y: 5.343665, z: 6.5076394}
  m_LocalScale: {x: 100, y: 100.00001, z: 100}
  m_Children: []
  m_Father: {fileID: 489048}
  m_RootOrder: 0
--- !u!4 &451630
Transform:
  m_ObjectHideFlags: 1
  m_PrefabParentObject: {fileID: 0}
  m_PrefabInternal: {fileID: 100100000}
  m_GameObject: {fileID: 189202}
  m_LocalRotation: {x: -0.7071068, y: 0, z: -0, w: 0.7071067}
  m_LocalPosition: {x: 0, y: 0.968144, z: 0}
  m_LocalScale: {x: 36.593468, y: 36.593468, z: 36.593468}
  m_Children: []
  m_Father: {fileID: 422492}
  m_RootOrder: 4
--- !u!4 &453310
Transform:
  m_ObjectHideFlags: 1
  m_PrefabParentObject: {fileID: 0}
  m_PrefabInternal: {fileID: 100100000}
  m_GameObject: {fileID: 197822}
  m_LocalRotation: {x: 0.11860041, y: 0.036993455, z: 0.012306919, w: 0.9921764}
  m_LocalPosition: {x: -4.9360094e-10, y: 0.00049540534, z: -8.381903e-11}
  m_LocalScale: {x: 1, y: 1, z: 1}
  m_Children:
  - {fileID: 424314}
  m_Father: {fileID: 427458}
  m_RootOrder: 0
--- !u!4 &454394
Transform:
  m_ObjectHideFlags: 1
  m_PrefabParentObject: {fileID: 0}
  m_PrefabInternal: {fileID: 100100000}
  m_GameObject: {fileID: 185474}
  m_LocalRotation: {x: 0.01634963, y: -0.002052078, z: 0.041186243, w: 0.9990156}
  m_LocalPosition: {x: -2.7939677e-11, y: 0.0003344639, z: 6.0535965e-10}
  m_LocalScale: {x: 1, y: 1, z: 0.9999999}
  m_Children:
  - {fileID: 455128}
  m_Father: {fileID: 427798}
  m_RootOrder: 0
--- !u!4 &455128
Transform:
  m_ObjectHideFlags: 1
  m_PrefabParentObject: {fileID: 0}
  m_PrefabInternal: {fileID: 100100000}
  m_GameObject: {fileID: 115844}
  m_LocalRotation: {x: 0, y: 0, z: 0, w: 1}
  m_LocalPosition: {x: -0, y: 0.00020790589, z: 0}
  m_LocalScale: {x: 1, y: 1, z: 1}
  m_Children: []
  m_Father: {fileID: 454394}
  m_RootOrder: 0
--- !u!4 &455680
Transform:
  m_ObjectHideFlags: 1
  m_PrefabParentObject: {fileID: 0}
  m_PrefabInternal: {fileID: 100100000}
  m_GameObject: {fileID: 154840}
  m_LocalRotation: {x: -0.52736366, y: 0, z: -0, w: 0.84963965}
  m_LocalPosition: {x: -0, y: 0.0045421473, z: 9.3132255e-12}
  m_LocalScale: {x: 1, y: 1, z: 1}
  m_Children:
  - {fileID: 402474}
  m_Father: {fileID: 467984}
  m_RootOrder: 0
--- !u!4 &456276
Transform:
  m_ObjectHideFlags: 1
  m_PrefabParentObject: {fileID: 0}
  m_PrefabInternal: {fileID: 100100000}
  m_GameObject: {fileID: 183874}
  m_LocalRotation: {x: 0.35087487, y: 0.06394666, z: -0.0046576583, w: 0.9342248}
  m_LocalPosition: {x: -7.4505804e-11, y: 0.0007480233, z: 6.0535965e-11}
  m_LocalScale: {x: 1, y: 1.0000001, z: 1}
  m_Children:
  - {fileID: 420474}
  m_Father: {fileID: 439440}
  m_RootOrder: 0
--- !u!4 &457326
Transform:
  m_ObjectHideFlags: 1
  m_PrefabParentObject: {fileID: 0}
  m_PrefabInternal: {fileID: 100100000}
  m_GameObject: {fileID: 176060}
  m_LocalRotation: {x: -7.1054265e-15, y: 6.8167443e-16, z: -0.0000000057182996, w: 1}
  m_LocalPosition: {x: 0, y: 0, z: 0}
  m_LocalScale: {x: 0.010000009, y: 0.01, z: 0.010000008}
  m_Children:
  - {fileID: 474568}
  - {fileID: 490852}
  - {fileID: 485670}
  m_Father: {fileID: 473158}
  m_RootOrder: 1
--- !u!4 &457426
Transform:
  m_ObjectHideFlags: 1
  m_PrefabParentObject: {fileID: 0}
  m_PrefabInternal: {fileID: 100100000}
  m_GameObject: {fileID: 157870}
  m_LocalRotation: {x: 0, y: 0, z: 0, w: 1}
  m_LocalPosition: {x: -0, y: 0.0008, z: 0}
  m_LocalScale: {x: 1, y: 1, z: 1}
  m_Children: []
  m_Father: {fileID: 476328}
  m_RootOrder: 0
--- !u!4 &458134
Transform:
  m_ObjectHideFlags: 1
  m_PrefabParentObject: {fileID: 0}
  m_PrefabInternal: {fileID: 100100000}
  m_GameObject: {fileID: 138950}
  m_LocalRotation: {x: 0, y: 0, z: 0, w: 1}
  m_LocalPosition: {x: -0, y: 0.00018550019, z: 0}
  m_LocalScale: {x: 1, y: 1, z: 1}
  m_Children: []
  m_Father: {fileID: 458356}
  m_RootOrder: 0
--- !u!4 &458356
Transform:
  m_ObjectHideFlags: 1
  m_PrefabParentObject: {fileID: 0}
  m_PrefabInternal: {fileID: 100100000}
  m_GameObject: {fileID: 156828}
  m_LocalRotation: {x: 0.15675357, y: 0.04138466, z: 0.03665457, w: 0.9860893}
  m_LocalPosition: {x: -1.862645e-10, y: 0.00031800967, z: -2.7939676e-10}
  m_LocalScale: {x: 1, y: 1.0000001, z: 1}
  m_Children:
  - {fileID: 458134}
  m_Father: {fileID: 431646}
  m_RootOrder: 0
--- !u!4 &459204
Transform:
  m_ObjectHideFlags: 1
  m_PrefabParentObject: {fileID: 0}
  m_PrefabInternal: {fileID: 100100000}
  m_GameObject: {fileID: 140014}
  m_LocalRotation: {x: 0.15932411, y: -0, z: -0, w: 0.98722637}
  m_LocalPosition: {x: -0, y: 0.003165911, z: -9.3132255e-12}
  m_LocalScale: {x: 1, y: 0.99999994, z: 1}
  m_Children:
  - {fileID: 473158}
  m_Father: {fileID: 478732}
  m_RootOrder: 0
--- !u!4 &460008
Transform:
  m_ObjectHideFlags: 1
  m_PrefabParentObject: {fileID: 0}
  m_PrefabInternal: {fileID: 100100000}
  m_GameObject: {fileID: 151010}
  m_LocalRotation: {x: 0.18159035, y: -0.00077076163, z: -0.041493446, w: 0.98249817}
  m_LocalPosition: {x: 3.5332048e-10, y: 0.002885098, z: 3.259629e-10}
  m_LocalScale: {x: 1, y: 1, z: 1}
  m_Children:
  - {fileID: 421888}
  m_Father: {fileID: 401556}
  m_RootOrder: 0
--- !u!4 &460044
Transform:
  m_ObjectHideFlags: 1
  m_PrefabParentObject: {fileID: 0}
  m_PrefabInternal: {fileID: 100100000}
  m_GameObject: {fileID: 126696}
  m_LocalRotation: {x: -0.0000010679203, y: 0.95491695, z: 0.29687312, w: -0.0000035392316}
  m_LocalPosition: {x: -0, y: 0.0045421473, z: 9.3132255e-12}
  m_LocalScale: {x: 1, y: 1.0000001, z: 1}
  m_Children:
  - {fileID: 411754}
  m_Father: {fileID: 467984}
  m_RootOrder: 1
--- !u!4 &462616
Transform:
  m_ObjectHideFlags: 1
  m_PrefabParentObject: {fileID: 0}
  m_PrefabInternal: {fileID: 100100000}
  m_GameObject: {fileID: 191104}
  m_LocalRotation: {x: 0.15866783, y: -0.0060373843, z: -0.073498264, w: 0.9845741}
  m_LocalPosition: {x: 2.7939676e-10, y: 0.00041744718, z: -8.5681673e-10}
  m_LocalScale: {x: 1, y: 0.9999999, z: 0.99999994}
  m_Children:
  - {fileID: 478548}
  m_Father: {fileID: 470830}
  m_RootOrder: 0
--- !u!4 &464510
Transform:
  m_ObjectHideFlags: 1
  m_PrefabParentObject: {fileID: 0}
  m_PrefabInternal: {fileID: 100100000}
  m_GameObject: {fileID: 163878}
  m_LocalRotation: {x: 0.0000010679203, y: 0.95491695, z: 0.29687312, w: 0.0000035392316}
  m_LocalPosition: {x: -0, y: 0.0045421473, z: 9.3132255e-12}
  m_LocalScale: {x: 1, y: 1.0000001, z: 1}
  m_Children:
  - {fileID: 476328}
  m_Father: {fileID: 400022}
  m_RootOrder: 1
--- !u!4 &466580
Transform:
  m_ObjectHideFlags: 1
  m_PrefabParentObject: {fileID: 0}
  m_PrefabInternal: {fileID: 100100000}
  m_GameObject: {fileID: 163194}
  m_LocalRotation: {x: 0, y: 0, z: 0, w: 1}
  m_LocalPosition: {x: -0, y: 0.0002270443, z: 0}
  m_LocalScale: {x: 1, y: 1, z: 1}
  m_Children: []
  m_Father: {fileID: 485572}
  m_RootOrder: 0
--- !u!4 &467984
Transform:
  m_ObjectHideFlags: 1
  m_PrefabParentObject: {fileID: 0}
  m_PrefabInternal: {fileID: 100100000}
  m_GameObject: {fileID: 166608}
  m_LocalRotation: {x: 0.08754127, y: -0, z: -0, w: 0.9961609}
  m_LocalPosition: {x: 7.4505804e-11, y: 0.005363693, z: -1.8626451e-11}
  m_LocalScale: {x: 1, y: 0.99999994, z: 0.99999994}
  m_Children:
  - {fileID: 455680}
  - {fileID: 460044}
  m_Father: {fileID: 470904}
  m_RootOrder: 0
--- !u!4 &468120
Transform:
  m_ObjectHideFlags: 1
  m_PrefabParentObject: {fileID: 0}
  m_PrefabInternal: {fileID: 100100000}
  m_GameObject: {fileID: 118720}
  m_LocalRotation: {x: 0.57094747, y: 0.2721714, z: 0.75588036, w: -0.16907577}
  m_LocalPosition: {x: -4.0762453, y: 5.903862, z: -1.005454}
  m_LocalScale: {x: 100.000015, y: 99.999985, z: 100.00001}
  m_Children: []
  m_Father: {fileID: 422492}
  m_RootOrder: 2
--- !u!4 &468130
Transform:
  m_ObjectHideFlags: 1
  m_PrefabParentObject: {fileID: 0}
  m_PrefabInternal: {fileID: 100100000}
  m_GameObject: {fileID: 197116}
  m_LocalRotation: {x: 0.2153889, y: 0.014422591, z: -0.028877545, w: 0.9759947}
  m_LocalPosition: {x: 1.4901161e-10, y: 0.00068187114, z: 4.1909515e-10}
  m_LocalScale: {x: 1, y: 1, z: 1}
  m_Children:
  - {fileID: 470410}
  m_Father: {fileID: 439026}
  m_RootOrder: 0
--- !u!4 &469726
Transform:
  m_ObjectHideFlags: 1
  m_PrefabParentObject: {fileID: 0}
  m_PrefabInternal: {fileID: 100100000}
  m_GameObject: {fileID: 156686}
  m_LocalRotation: {x: 0.16977412, y: 0.034453526, z: -0.06805003, w: 0.98252684}
  m_LocalPosition: {x: 2.2351741e-10, y: 0.00069625967, z: -1.16415315e-11}
  m_LocalScale: {x: 0.99999994, y: 1, z: 1}
  m_Children:
  - {fileID: 486952}
  m_Father: {fileID: 490430}
  m_RootOrder: 0
--- !u!4 &470410
Transform:
  m_ObjectHideFlags: 1
  m_PrefabParentObject: {fileID: 0}
  m_PrefabInternal: {fileID: 100100000}
  m_GameObject: {fileID: 188498}
  m_LocalRotation: {x: 0.11873686, y: -0.036927693, z: -0.0148414355, w: 0.99212784}
  m_LocalPosition: {x: 7.4505804e-11, y: 0.0004954917, z: 1.7695129e-10}
  m_LocalScale: {x: 1, y: 0.99999994, z: 1}
  m_Children:
  - {fileID: 485572}
  m_Father: {fileID: 468130}
  m_RootOrder: 0
--- !u!4 &470830
Transform:
  m_ObjectHideFlags: 1
  m_PrefabParentObject: {fileID: 0}
  m_PrefabInternal: {fileID: 100100000}
  m_GameObject: {fileID: 175984}
  m_LocalRotation: {x: 0.04584443, y: 0.7036419, z: 0.25857404, w: 0.6602468}
  m_LocalPosition: {x: -0.000035063735, y: -0.00008324254, z: 0.0002435845}
  m_LocalScale: {x: 0.99999994, y: 0.99999994, z: 0.9999999}
  m_Children:
  - {fileID: 462616}
  m_Father: {fileID: 490430}
  m_RootOrder: 1
--- !u!4 &470904
Transform:
  m_ObjectHideFlags: 1
  m_PrefabParentObject: {fileID: 0}
  m_PrefabInternal: {fileID: 100100000}
  m_GameObject: {fileID: 117014}
  m_LocalRotation: {x: 0.98937774, y: -0, z: 0, w: 0.14536746}
  m_LocalPosition: {x: -0.0009799999, y: 0.0006980878, z: 0.00028547915}
  m_LocalScale: {x: 1, y: 1.0000002, z: 1.0000043}
  m_Children:
  - {fileID: 467984}
  m_Father: {fileID: 419334}
  m_RootOrder: 1
--- !u!4 &472992
Transform:
  m_ObjectHideFlags: 1
  m_PrefabParentObject: {fileID: 0}
  m_PrefabInternal: {fileID: 100100000}
  m_GameObject: {fileID: 129208}
  m_LocalRotation: {x: 0, y: 0, z: 0, w: 1}
  m_LocalPosition: {x: -0, y: 0.00015017642, z: 0}
  m_LocalScale: {x: 1, y: 1, z: 1}
  m_Children: []
  m_Father: {fileID: 485102}
  m_RootOrder: 0
--- !u!4 &473158
Transform:
  m_ObjectHideFlags: 1
  m_PrefabParentObject: {fileID: 0}
  m_PrefabInternal: {fileID: 100100000}
  m_GameObject: {fileID: 162406}
  m_LocalRotation: {x: -0.14214678, y: 0, z: -0, w: 0.9898456}
  m_LocalPosition: {x: -0, y: 0.0012828399, z: -3.5390257e-10}
  m_LocalScale: {x: 1, y: 0.99999994, z: 0.99999994}
  m_Children:
  - {fileID: 487656}
  - {fileID: 457326}
  - {fileID: 487532}
  - {fileID: 489048}
  m_Father: {fileID: 459204}
  m_RootOrder: 0
--- !u!4 &473336
Transform:
  m_ObjectHideFlags: 1
  m_PrefabParentObject: {fileID: 0}
  m_PrefabInternal: {fileID: 100100000}
  m_GameObject: {fileID: 129522}
  m_LocalRotation: {x: -0.000000014440108, y: 0.9612487, z: -0.27568263, w: -0.00000013438475}
  m_LocalPosition: {x: -0, y: 0.0012924555, z: -9.3132255e-12}
  m_LocalScale: {x: 1, y: 1.0000002, z: 1.0000002}
  m_Children:
  - {fileID: 476932}
  m_Father: {fileID: 420908}
  m_RootOrder: 0
--- !u!4 &474192
Transform:
  m_ObjectHideFlags: 1
  m_PrefabParentObject: {fileID: 0}
  m_PrefabInternal: {fileID: 100100000}
  m_GameObject: {fileID: 162552}
  m_LocalRotation: {x: 0.11396187, y: 0.0077830316, z: 0.033096068, w: 0.99290323}
  m_LocalPosition: {x: -1.0011717e-10, y: 0.0002822344, z: 2.4214386e-10}
  m_LocalScale: {x: 0.99999994, y: 0.99999994, z: 0.99999994}
  m_Children:
  - {fileID: 489652}
  m_Father: {fileID: 444896}
  m_RootOrder: 0
--- !u!4 &474568
Transform:
  m_ObjectHideFlags: 1
  m_PrefabParentObject: {fileID: 0}
  m_PrefabInternal: {fileID: 100100000}
  m_GameObject: {fileID: 171732}
  m_LocalRotation: {x: -0.08928169, y: 0.35806692, z: -0.21061139, w: 0.9052401}
  m_LocalPosition: {x: -7.4811316, y: 5.343665, z: 6.5076394}
  m_LocalScale: {x: 100, y: 100.00001, z: 100}
  m_Children: []
  m_Father: {fileID: 457326}
  m_RootOrder: 0
--- !u!4 &476328
Transform:
  m_ObjectHideFlags: 1
  m_PrefabParentObject: {fileID: 0}
  m_PrefabInternal: {fileID: 100100000}
  m_GameObject: {fileID: 111804}
  m_LocalRotation: {x: 0.6413783, y: -0.6413762, z: 0.29771444, w: 0.29771918}
  m_LocalPosition: {x: 0.00038000487, y: 0.00054618786, z: 0.0006736638}
  m_LocalScale: {x: 1, y: 1, z: 0.99999994}
  m_Children:
  - {fileID: 457426}
  m_Father: {fileID: 464510}
  m_RootOrder: 0
--- !u!4 &476932
Transform:
  m_ObjectHideFlags: 1
  m_PrefabParentObject: {fileID: 0}
  m_PrefabInternal: {fileID: 100100000}
  m_GameObject: {fileID: 158128}
  m_LocalRotation: {x: 0, y: 0, z: 0, w: 1}
  m_LocalPosition: {x: -0, y: 0.00067200005, z: 0}
  m_LocalScale: {x: 1, y: 1, z: 1}
  m_Children: []
  m_Father: {fileID: 473336}
  m_RootOrder: 0
--- !u!4 &477860
Transform:
  m_ObjectHideFlags: 1
  m_PrefabParentObject: {fileID: 0}
  m_PrefabInternal: {fileID: 100100000}
  m_GameObject: {fileID: 102734}
  m_LocalRotation: {x: -0.0030666457, y: -0.0035859419, z: -0.075467035, w: 0.9971371}
  m_LocalPosition: {x: 0.0002294221, y: 0.0003941126, z: -0.000053242147}
  m_LocalScale: {x: 1.0000001, y: 1.0000001, z: 1}
  m_Children:
  - {fileID: 478378}
  - {fileID: 400094}
  m_Father: {fileID: 438516}
  m_RootOrder: 0
--- !u!4 &478378
Transform:
  m_ObjectHideFlags: 1
  m_PrefabParentObject: {fileID: 0}
  m_PrefabInternal: {fileID: 100100000}
  m_GameObject: {fileID: 198264}
  m_LocalRotation: {x: 0.1698889, y: -0.03462884, z: 0.06913121, w: 0.98242533}
  m_LocalPosition: {x: -9.313225e-11, y: 0.00069625885, z: 2.2351741e-10}
  m_LocalScale: {x: 0.99999994, y: 1.0000001, z: 1}
  m_Children:
  - {fileID: 444896}
  m_Father: {fileID: 477860}
  m_RootOrder: 0
--- !u!4 &478548
Transform:
  m_ObjectHideFlags: 1
  m_PrefabParentObject: {fileID: 0}
  m_PrefabInternal: {fileID: 100100000}
  m_GameObject: {fileID: 152766}
  m_LocalRotation: {x: 0.01634963, y: 0.0020520778, z: -0.041186254, w: 0.9990156}
  m_LocalPosition: {x: 3.352761e-10, y: 0.00033446497, z: 3.72529e-10}
  m_LocalScale: {x: 1, y: 1, z: 0.99999994}
  m_Children:
  - {fileID: 437772}
  m_Father: {fileID: 462616}
  m_RootOrder: 0
--- !u!4 &478732
Transform:
  m_ObjectHideFlags: 1
  m_PrefabParentObject: {fileID: 0}
  m_PrefabInternal: {fileID: 100100000}
  m_GameObject: {fileID: 117770}
  m_LocalRotation: {x: -0.07025045, y: 0, z: -0, w: 0.9975294}
  m_LocalPosition: {x: -0, y: 0.0015899008, z: -1.6298145e-10}
  m_LocalScale: {x: 1, y: 1, z: 1}
  m_Children:
  - {fileID: 459204}
  - {fileID: 479606}
  - {fileID: 496274}
  m_Father: {fileID: 408552}
  m_RootOrder: 0
--- !u!4 &479606
Transform:
  m_ObjectHideFlags: 1
  m_PrefabParentObject: {fileID: 0}
  m_PrefabInternal: {fileID: 100100000}
  m_GameObject: {fileID: 197682}
  m_LocalRotation: {x: -0.6032261, y: 0.3447588, z: 0.35720295, w: 0.6242321}
  m_LocalPosition: {x: -0.000183, y: 0.0026075053, z: 0.00077906845}
  m_LocalScale: {x: 0.99999994, y: 0.99999994, z: 1}
  m_Children:
  - {fileID: 441566}
  m_Father: {fileID: 478732}
  m_RootOrder: 1
--- !u!4 &484558
Transform:
  m_ObjectHideFlags: 1
  m_PrefabParentObject: {fileID: 0}
  m_PrefabInternal: {fileID: 100100000}
  m_GameObject: {fileID: 124936}
  m_LocalRotation: {x: 0.113732494, y: -0.0075914394, z: -0.03135446, w: 0.9929875}
  m_LocalPosition: {x: -7.4505804e-11, y: 0.00028217927, z: -1.8626451e-11}
  m_LocalScale: {x: 1.0000001, y: 1.0000001, z: 0.99999994}
  m_Children:
  - {fileID: 444494}
  m_Father: {fileID: 486952}
  m_RootOrder: 0
--- !u!4 &485102
Transform:
  m_ObjectHideFlags: 1
  m_PrefabParentObject: {fileID: 0}
  m_PrefabInternal: {fileID: 100100000}
  m_GameObject: {fileID: 114902}
  m_LocalRotation: {x: 0.08636643, y: 0.015073318, z: 0.015087639, w: 0.99603516}
  m_LocalPosition: {x: -2.9802322e-10, y: 0.00022592478, z: -7.4505804e-11}
  m_LocalScale: {x: 1, y: 1, z: 1.0000001}
  m_Children:
  - {fileID: 472992}
  m_Father: {fileID: 420474}
  m_RootOrder: 0
--- !u!4 &485572
Transform:
  m_ObjectHideFlags: 1
  m_PrefabParentObject: {fileID: 0}
  m_PrefabInternal: {fileID: 100100000}
  m_GameObject: {fileID: 174516}
  m_LocalRotation: {x: 0.058396973, y: -0.019947423, z: -0.01860262, w: 0.99792075}
  m_LocalPosition: {x: 9.313225e-11, y: 0.00032191124, z: -3.7252902e-11}
  m_LocalScale: {x: 1, y: 1, z: 0.9999999}
  m_Children:
  - {fileID: 466580}
  m_Father: {fileID: 470410}
  m_RootOrder: 0
--- !u!4 &485670
Transform:
  m_ObjectHideFlags: 1
  m_PrefabParentObject: {fileID: 0}
  m_PrefabInternal: {fileID: 100100000}
  m_GameObject: {fileID: 178924}
  m_LocalRotation: {x: 0.57094747, y: 0.2721714, z: 0.75588036, w: -0.16907577}
  m_LocalPosition: {x: -1.859015, y: 6.457658, z: -4.740674}
  m_LocalScale: {x: 100.000015, y: 99.999985, z: 100.00001}
  m_Children: []
  m_Father: {fileID: 457326}
  m_RootOrder: 2
--- !u!4 &486952
Transform:
  m_ObjectHideFlags: 1
  m_PrefabParentObject: {fileID: 0}
  m_PrefabInternal: {fileID: 100100000}
  m_GameObject: {fileID: 155514}
  m_LocalRotation: {x: 0.07822672, y: -0.0064766505, z: -0.00585713, w: 0.99689734}
  m_LocalPosition: {x: 1.4901161e-10, y: 0.0004504854, z: 2.9802322e-10}
  m_LocalScale: {x: 0.9999999, y: 0.99999976, z: 0.9999999}
  m_Children:
  - {fileID: 484558}
  m_Father: {fileID: 469726}
  m_RootOrder: 0
--- !u!4 &487532
Transform:
  m_ObjectHideFlags: 1
  m_PrefabParentObject: {fileID: 0}
  m_PrefabInternal: {fileID: 100100000}
  m_GameObject: {fileID: 167098}
  m_LocalRotation: {x: 1, y: -0.0000000036874623, z: 0, w: -0.00000008940697}
  m_LocalPosition: {x: 0, y: 0, z: 0}
  m_LocalScale: {x: 0.15000013, y: 0.15000017, z: 0.14999999}
  m_Children: []
  m_Father: {fileID: 473158}
  m_RootOrder: 2
--- !u!4 &487656
Transform:
  m_ObjectHideFlags: 1
  m_PrefabParentObject: {fileID: 0}
  m_PrefabInternal: {fileID: 100100000}
  m_GameObject: {fileID: 150118}
  m_LocalRotation: {x: 0, y: 0, z: 0, w: 1}
  m_LocalPosition: {x: -0, y: 0.0015340006, z: 0}
  m_LocalScale: {x: 1, y: 1, z: 1}
  m_Children: []
  m_Father: {fileID: 473158}
  m_RootOrder: 0
--- !u!4 &488568
Transform:
  m_ObjectHideFlags: 1
  m_PrefabParentObject: {fileID: 0}
  m_PrefabInternal: {fileID: 100100000}
  m_GameObject: {fileID: 140502}
  m_LocalRotation: {x: 0.043595523, y: -0.010747713, z: -0.016222585, w: 0.9988597}
  m_LocalPosition: {x: 1.8626451e-11, y: 0.00027876423, z: 1.4086253e-10}
  m_LocalScale: {x: 1.0000001, y: 0.9999999, z: 1.0000001}
  m_Children:
  - {fileID: 412268}
  m_Father: {fileID: 432434}
  m_RootOrder: 0
--- !u!4 &489048
Transform:
  m_ObjectHideFlags: 1
  m_PrefabParentObject: {fileID: 0}
  m_PrefabInternal: {fileID: 100100000}
  m_GameObject: {fileID: 192228}
  m_LocalRotation: {x: 0, y: 6.5104853e-16, z: -0.000000005461391, w: 1}
  m_LocalPosition: {x: 0, y: 0.001, z: 0.001}
  m_LocalScale: {x: 0.010000009, y: 0.01, z: 0.010000008}
  m_Children:
  - {fileID: 447340}
  - {fileID: 400754}
  - {fileID: 495460}
  m_Father: {fileID: 473158}
  m_RootOrder: 3
--- !u!4 &489652
Transform:
  m_ObjectHideFlags: 1
  m_PrefabParentObject: {fileID: 0}
  m_PrefabInternal: {fileID: 100100000}
  m_GameObject: {fileID: 175430}
  m_LocalRotation: {x: 0, y: 0, z: 0, w: 1}
  m_LocalPosition: {x: -0, y: 0.00022818628, z: 0}
  m_LocalScale: {x: 1, y: 1, z: 1}
  m_Children: []
  m_Father: {fileID: 474192}
  m_RootOrder: 0
--- !u!4 &490430
Transform:
  m_ObjectHideFlags: 1
  m_PrefabParentObject: {fileID: 0}
  m_PrefabInternal: {fileID: 100100000}
  m_GameObject: {fileID: 179282}
  m_LocalRotation: {x: -0.003066644, y: 0.003585939, z: 0.075467035, w: 0.9971371}
  m_LocalPosition: {x: -0.00022942226, y: 0.00039411124, z: -0.00005324172}
  m_LocalScale: {x: 1, y: 1, z: 1}
  m_Children:
  - {fileID: 469726}
  - {fileID: 470830}
  m_Father: {fileID: 421888}
  m_RootOrder: 0
--- !u!4 &490852
Transform:
  m_ObjectHideFlags: 1
  m_PrefabParentObject: {fileID: 0}
  m_PrefabInternal: {fileID: 100100000}
  m_GameObject: {fileID: 198132}
  m_LocalRotation: {x: -0.7071068, y: 0, z: -0, w: 0.7071067}
  m_LocalPosition: {x: 0, y: 0, z: 0}
  m_LocalScale: {x: 31.281155, y: 31.281157, z: 31.281157}
  m_Children: []
  m_Father: {fileID: 457326}
  m_RootOrder: 1
--- !u!4 &495460
Transform:
  m_ObjectHideFlags: 1
  m_PrefabParentObject: {fileID: 0}
  m_PrefabInternal: {fileID: 100100000}
  m_GameObject: {fileID: 115566}
  m_LocalRotation: {x: 0.57094747, y: 0.2721714, z: 0.75588036, w: -0.16907577}
  m_LocalPosition: {x: 0.005282879, y: 5.903862, z: -5.8164783}
  m_LocalScale: {x: 100.000015, y: 99.999985, z: 100.00001}
  m_Children: []
  m_Father: {fileID: 489048}
  m_RootOrder: 2
--- !u!4 &496274
Transform:
  m_ObjectHideFlags: 1
  m_PrefabParentObject: {fileID: 0}
  m_PrefabInternal: {fileID: 100100000}
  m_GameObject: {fileID: 136158}
  m_LocalRotation: {x: -0.6032261, y: -0.3447588, z: -0.35720295, w: 0.6242321}
  m_LocalPosition: {x: 0.000183, y: 0.0026075053, z: 0.00077906845}
  m_LocalScale: {x: 0.99999994, y: 0.99999994, z: 1}
  m_Children:
  - {fileID: 401556}
  m_Father: {fileID: 478732}
  m_RootOrder: 2
--- !u!23 &2342554
MeshRenderer:
  m_ObjectHideFlags: 1
  m_PrefabParentObject: {fileID: 0}
  m_PrefabInternal: {fileID: 100100000}
  m_GameObject: {fileID: 184988}
  m_Enabled: 1
  m_CastShadows: 1
  m_ReceiveShadows: 1
  m_Materials:
  - {fileID: 2100000, guid: 2ad5923a8c998b4449ffad1072537343, type: 2}
  m_SubsetIndices: 
  m_StaticBatchRoot: {fileID: 0}
  m_UseLightProbes: 1
  m_ReflectionProbeUsage: 1
  m_ProbeAnchor: {fileID: 0}
  m_ScaleInLightmap: 1
  m_PreserveUVs: 0
  m_IgnoreNormalsForChartDetection: 0
  m_ImportantGI: 0
  m_MinimumChartSize: 4
  m_AutoUVMaxDistance: 0.5
  m_AutoUVMaxAngle: 89
  m_LightmapParameters: {fileID: 0}
  m_SortingLayerID: 0
  m_SortingOrder: 0
--- !u!23 &2350888
MeshRenderer:
  m_ObjectHideFlags: 1
  m_PrefabParentObject: {fileID: 0}
  m_PrefabInternal: {fileID: 100100000}
  m_GameObject: {fileID: 198132}
  m_Enabled: 1
  m_CastShadows: 1
  m_ReceiveShadows: 1
  m_Materials:
  - {fileID: 2100000, guid: 731f05c6d818e7a4fa61acb1b8d450f2, type: 2}
  m_SubsetIndices: 
  m_StaticBatchRoot: {fileID: 0}
  m_UseLightProbes: 1
  m_ReflectionProbeUsage: 1
  m_ProbeAnchor: {fileID: 0}
  m_ScaleInLightmap: 1
  m_PreserveUVs: 0
  m_IgnoreNormalsForChartDetection: 0
  m_ImportantGI: 0
  m_MinimumChartSize: 4
  m_AutoUVMaxDistance: 0.5
  m_AutoUVMaxAngle: 89
  m_LightmapParameters: {fileID: 0}
  m_SortingLayerID: 0
  m_SortingOrder: 0
--- !u!23 &2366110
MeshRenderer:
  m_ObjectHideFlags: 1
  m_PrefabParentObject: {fileID: 0}
  m_PrefabInternal: {fileID: 100100000}
  m_GameObject: {fileID: 167098}
  m_Enabled: 1
  m_CastShadows: 1
  m_ReceiveShadows: 1
  m_Materials:
  - {fileID: 2100000, guid: a1671b21eb708c64aae88f8112fc9916, type: 2}
  m_SubsetIndices: 
  m_StaticBatchRoot: {fileID: 0}
  m_UseLightProbes: 1
  m_ReflectionProbeUsage: 1
  m_ProbeAnchor: {fileID: 0}
  m_ScaleInLightmap: 1
  m_PreserveUVs: 0
  m_IgnoreNormalsForChartDetection: 0
  m_ImportantGI: 0
  m_MinimumChartSize: 4
  m_AutoUVMaxDistance: 0.5
  m_AutoUVMaxAngle: 89
  m_LightmapParameters: {fileID: 0}
  m_SortingLayerID: 0
  m_SortingOrder: 0
--- !u!33 &3318694
MeshFilter:
  m_ObjectHideFlags: 1
  m_PrefabParentObject: {fileID: 0}
  m_PrefabInternal: {fileID: 100100000}
  m_GameObject: {fileID: 184988}
  m_Mesh: {fileID: 4300000, guid: 3dddf866624003b43af98fd39f15615c, type: 3}
--- !u!33 &3339646
MeshFilter:
  m_ObjectHideFlags: 1
  m_PrefabParentObject: {fileID: 0}
  m_PrefabInternal: {fileID: 100100000}
  m_GameObject: {fileID: 167098}
  m_Mesh: {fileID: 4300000, guid: 81914d21b4c181c42b51fe11ab01c96f, type: 3}
--- !u!33 &3373494
MeshFilter:
  m_ObjectHideFlags: 1
  m_PrefabParentObject: {fileID: 0}
  m_PrefabInternal: {fileID: 100100000}
  m_GameObject: {fileID: 198132}
  m_Mesh: {fileID: 4300000, guid: 4af2ccdac085f764b8f84d8b17e9b6cc, type: 3}
--- !u!54 &5455720
Rigidbody:
  m_ObjectHideFlags: 1
  m_PrefabParentObject: {fileID: 0}
  m_PrefabInternal: {fileID: 100100000}
  m_GameObject: {fileID: 106366}
  serializedVersion: 2
  m_Mass: 1
  m_Drag: 0
  m_AngularDrag: 0.05
  m_UseGravity: 1
  m_IsKinematic: 0
  m_Interpolate: 0
  m_Constraints: 112
  m_CollisionDetection: 0
--- !u!95 &9534212
Animator:
  serializedVersion: 3
  m_ObjectHideFlags: 1
  m_PrefabParentObject: {fileID: 0}
  m_PrefabInternal: {fileID: 100100000}
  m_GameObject: {fileID: 106366}
  m_Enabled: 1
  m_Avatar: {fileID: 9000000, guid: 7840ae9b83308c842b8793b6c4ce97d3, type: 3}
  m_Controller: {fileID: 9100000, guid: 2f1343883cf2cb847b2095d69d0c96ba, type: 2}
  m_CullingMode: 1
  m_UpdateMode: 0
  m_ApplyRootMotion: 1
  m_LinearVelocityBlending: 0
  m_WarningMessage: 
  m_HasTransformHierarchy: 1
  m_AllowConstantClipSamplingOptimization: 1
--- !u!95 &9546242
Animator:
  serializedVersion: 3
  m_ObjectHideFlags: 1
  m_PrefabParentObject: {fileID: 0}
  m_PrefabInternal: {fileID: 100100000}
  m_GameObject: {fileID: 132466}
  m_Enabled: 1
  m_Avatar: {fileID: 9000000, guid: 23cec4e64ceccf548ab3c64372c1b72e, type: 3}
  m_Controller: {fileID: 0}
  m_CullingMode: 1
  m_UpdateMode: 0
  m_ApplyRootMotion: 0
  m_LinearVelocityBlending: 0
  m_WarningMessage: 
  m_HasTransformHierarchy: 1
  m_AllowConstantClipSamplingOptimization: 1
--- !u!111 &11132628
Animation:
  m_ObjectHideFlags: 1
  m_PrefabParentObject: {fileID: 0}
  m_PrefabInternal: {fileID: 100100000}
  m_GameObject: {fileID: 106366}
  m_Enabled: 1
  serializedVersion: 3
  m_Animation: {fileID: 7400000, guid: 7840ae9b83308c842b8793b6c4ce97d3, type: 3}
  m_Animations:
  - {fileID: 7400002, guid: 7840ae9b83308c842b8793b6c4ce97d3, type: 3}
  - {fileID: 7400022, guid: 7840ae9b83308c842b8793b6c4ce97d3, type: 3}
  - {fileID: 7400004, guid: 7840ae9b83308c842b8793b6c4ce97d3, type: 3}
  - {fileID: 7400024, guid: 7840ae9b83308c842b8793b6c4ce97d3, type: 3}
  - {fileID: 7400014, guid: 7840ae9b83308c842b8793b6c4ce97d3, type: 3}
  - {fileID: 7400032, guid: 7840ae9b83308c842b8793b6c4ce97d3, type: 3}
  - {fileID: 7400016, guid: 7840ae9b83308c842b8793b6c4ce97d3, type: 3}
  - {fileID: 7400034, guid: 7840ae9b83308c842b8793b6c4ce97d3, type: 3}
  - {fileID: 7400008, guid: 7840ae9b83308c842b8793b6c4ce97d3, type: 3}
  - {fileID: 7400026, guid: 7840ae9b83308c842b8793b6c4ce97d3, type: 3}
  - {fileID: 7400006, guid: 7840ae9b83308c842b8793b6c4ce97d3, type: 3}
  m_WrapMode: 0
  m_PlayAutomatically: 0
  m_AnimatePhysics: 0
  m_CullingType: 0
--- !u!114 &11470334
MonoBehaviour:
  m_ObjectHideFlags: 1
  m_PrefabParentObject: {fileID: 0}
  m_PrefabInternal: {fileID: 100100000}
  m_GameObject: {fileID: 106366}
  m_Enabled: 1
  m_EditorHideFlags: 0
  m_Script: {fileID: 11500000, guid: d45aa7e931458e94290b2dadbd616dd2, type: 3}
  m_Name: 
  m_EditorClassIdentifier: 
  m_MovingTurnSpeed: 360
  m_StationaryTurnSpeed: 180
  m_JumpPower: 6
  m_GravityMultiplier: 2
  m_RunCycleLegOffset: 0.2
  m_MoveSpeedMultiplier: 1.2
  m_AnimSpeedMultiplier: 1.2
  m_AirMoveSpeedMultiplier: 3
  m_GroundCheckDistance: 0.3
  m_NumberOfAirborneJumps: 0
  m_CantMoveWhileGrounded: 0
  m_Starting_Animal: human
--- !u!114 &11474536
MonoBehaviour:
  m_ObjectHideFlags: 1
  m_PrefabParentObject: {fileID: 0}
  m_PrefabInternal: {fileID: 100100000}
  m_GameObject: {fileID: 106366}
  m_Enabled: 1
  m_EditorHideFlags: 0
  m_Script: {fileID: 11500000, guid: c613c1495d330fa40998604f0d7190d1, type: 3}
  m_Name: 
  m_EditorClassIdentifier: 
  m_CanJump: 0
  m_CanStrafe: 1
  m_CanWalk: 0
  m_CantJumpWhileStanding: 1
--- !u!136 &13604506
CapsuleCollider:
  m_ObjectHideFlags: 1
  m_PrefabParentObject: {fileID: 0}
  m_PrefabInternal: {fileID: 100100000}
  m_GameObject: {fileID: 106366}
  m_Material: {fileID: 13400000, guid: 7a665289b8701a143a4d81cc38730390, type: 2}
  m_IsTrigger: 0
  m_Enabled: 1
  m_Radius: 0.3
  m_Height: 1.6
  m_Direction: 1
  m_Center: {x: 0, y: 0.8, z: 0}
--- !u!137 &13730714
SkinnedMeshRenderer:
  m_ObjectHideFlags: 1
  m_PrefabParentObject: {fileID: 0}
  m_PrefabInternal: {fileID: 100100000}
  m_GameObject: {fileID: 153182}
  m_Enabled: 1
  m_CastShadows: 1
  m_ReceiveShadows: 1
  m_Materials:
  - {fileID: 2100000, guid: 4c96edfdf7c937641b9957f514049f50, type: 2}
  - {fileID: 2100000, guid: 0dfdb65e141f1934893ecda7c630cd85, type: 2}
  m_SubsetIndices: 
  m_StaticBatchRoot: {fileID: 0}
  m_UseLightProbes: 1
  m_ReflectionProbeUsage: 1
  m_ProbeAnchor: {fileID: 0}
  m_ScaleInLightmap: 1
  m_PreserveUVs: 0
  m_IgnoreNormalsForChartDetection: 0
  m_ImportantGI: 0
  m_MinimumChartSize: 4
  m_AutoUVMaxDistance: 0.5
  m_AutoUVMaxAngle: 89
  m_LightmapParameters: {fileID: 0}
  m_SortingLayerID: 0
  m_SortingOrder: 0
  serializedVersion: 2
  m_Quality: 0
  m_UpdateWhenOffscreen: 0
  m_Mesh: {fileID: 4300000, guid: 23cec4e64ceccf548ab3c64372c1b72e, type: 3}
  m_Bones:
  - {fileID: 419334}
  - {fileID: 408552}
  - {fileID: 478732}
  - {fileID: 459204}
  - {fileID: 473158}
  - {fileID: 479606}
  - {fileID: 441566}
  - {fileID: 433072}
  - {fileID: 438516}
  - {fileID: 477860}
  - {fileID: 478378}
  - {fileID: 444896}
  - {fileID: 474192}
  - {fileID: 400094}
  - {fileID: 427798}
  - {fileID: 454394}
  - {fileID: 421372}
  - {fileID: 427458}
  - {fileID: 453310}
  - {fileID: 424314}
  - {fileID: 442226}
  - {fileID: 421302}
  - {fileID: 431646}
  - {fileID: 458356}
  - {fileID: 439440}
  - {fileID: 456276}
  - {fileID: 420474}
  - {fileID: 485102}
  - {fileID: 496274}
  - {fileID: 401556}
  - {fileID: 460008}
  - {fileID: 421888}
  - {fileID: 490430}
  - {fileID: 469726}
  - {fileID: 486952}
  - {fileID: 484558}
  - {fileID: 470830}
  - {fileID: 462616}
  - {fileID: 478548}
  - {fileID: 439026}
  - {fileID: 468130}
  - {fileID: 470410}
  - {fileID: 485572}
  - {fileID: 439712}
  - {fileID: 418060}
  - {fileID: 426600}
  - {fileID: 425970}
  - {fileID: 439782}
  - {fileID: 432434}
  - {fileID: 488568}
  - {fileID: 412268}
  - {fileID: 470904}
  - {fileID: 467984}
  - {fileID: 455680}
  - {fileID: 402474}
  - {fileID: 460044}
  - {fileID: 411754}
  - {fileID: 442448}
  - {fileID: 400022}
  - {fileID: 420908}
  - {fileID: 473336}
  - {fileID: 464510}
  - {fileID: 476328}
  m_BlendShapeWeights: []
  m_RootBone: {fileID: 419334}
  m_AABB:
    m_Center: {x: 0.00031818682, y: 0.00019655284, z: 0.0008520507}
    m_Extent: {x: 0.0037388806, y: 0.010517495, z: 0.0041997884}
  m_DirtyAABB: 0
--- !u!137 &13797220
SkinnedMeshRenderer:
  m_ObjectHideFlags: 1
  m_PrefabParentObject: {fileID: 0}
  m_PrefabInternal: {fileID: 100100000}
  m_GameObject: {fileID: 189202}
  m_Enabled: 1
  m_CastShadows: 1
  m_ReceiveShadows: 1
  m_Materials:
  - {fileID: 2100000, guid: 0dfdb65e141f1934893ecda7c630cd85, type: 2}
  m_SubsetIndices: 
  m_StaticBatchRoot: {fileID: 0}
  m_UseLightProbes: 1
  m_ReflectionProbeUsage: 1
  m_ProbeAnchor: {fileID: 0}
  m_ScaleInLightmap: 1
  m_PreserveUVs: 0
  m_IgnoreNormalsForChartDetection: 0
  m_ImportantGI: 0
  m_MinimumChartSize: 4
  m_AutoUVMaxDistance: 0.5
  m_AutoUVMaxAngle: 89
  m_LightmapParameters: {fileID: 0}
  m_SortingLayerID: 0
  m_SortingOrder: 0
  serializedVersion: 2
  m_Quality: 0
  m_UpdateWhenOffscreen: 0
  m_Mesh: {fileID: 4300002, guid: 23cec4e64ceccf548ab3c64372c1b72e, type: 3}
  m_Bones:
  - {fileID: 419334}
  - {fileID: 408552}
  - {fileID: 478732}
  - {fileID: 459204}
  - {fileID: 473158}
  - {fileID: 479606}
  - {fileID: 441566}
  - {fileID: 433072}
  - {fileID: 438516}
  - {fileID: 477860}
  - {fileID: 478378}
  - {fileID: 444896}
  - {fileID: 474192}
  - {fileID: 400094}
  - {fileID: 427798}
  - {fileID: 454394}
  - {fileID: 421372}
  - {fileID: 427458}
  - {fileID: 453310}
  - {fileID: 424314}
  - {fileID: 442226}
  - {fileID: 421302}
  - {fileID: 431646}
  - {fileID: 458356}
  - {fileID: 439440}
  - {fileID: 456276}
  - {fileID: 420474}
  - {fileID: 485102}
  - {fileID: 496274}
  - {fileID: 401556}
  - {fileID: 460008}
  - {fileID: 421888}
  - {fileID: 490430}
  - {fileID: 469726}
  - {fileID: 486952}
  - {fileID: 484558}
  - {fileID: 470830}
  - {fileID: 462616}
  - {fileID: 478548}
  - {fileID: 439026}
  - {fileID: 468130}
  - {fileID: 470410}
  - {fileID: 485572}
  - {fileID: 439712}
  - {fileID: 418060}
  - {fileID: 426600}
  - {fileID: 425970}
  - {fileID: 439782}
  - {fileID: 432434}
  - {fileID: 488568}
  - {fileID: 412268}
  - {fileID: 470904}
  - {fileID: 467984}
  - {fileID: 455680}
  - {fileID: 402474}
  - {fileID: 460044}
  - {fileID: 411754}
  - {fileID: 442448}
  - {fileID: 400022}
  - {fileID: 420908}
  - {fileID: 473336}
  - {fileID: 464510}
  - {fileID: 476328}
  m_BlendShapeWeights: []
  m_RootBone: {fileID: 419334}
  m_AABB:
    m_Center: {x: -0.0000071274117, y: 0.0002891079, z: 0.00024343771}
    m_Extent: {x: 0.0024920995, y: 0.0035594092, z: 0.0028913794}
  m_DirtyAABB: 0
--- !u!1001 &100100000
Prefab:
  m_ObjectHideFlags: 1
  serializedVersion: 2
  m_Modification:
    m_TransformParent: {fileID: 0}
    m_Modifications: []
    m_RemovedComponents: []
  m_ParentPrefab: {fileID: 0}
  m_RootGameObject: {fileID: 106366}
  m_IsPrefabParent: 1
